%YAML 1.1
%TAG !u! tag:unity3d.com,2011:
--- !u!1 &5068053523975985030
GameObject:
  m_ObjectHideFlags: 0
  m_CorrespondingSourceObject: {fileID: 0}
  m_PrefabInstance: {fileID: 0}
  m_PrefabAsset: {fileID: 0}
  serializedVersion: 6
  m_Component:
  - component: {fileID: 5068053523975985024}
  - component: {fileID: 5068053523975985025}
  m_Layer: 0
  m_Name: Picture 1
  m_TagString: Untagged
  m_Icon: {fileID: 0}
  m_NavMeshLayer: 0
  m_StaticEditorFlags: 0
  m_IsActive: 1
--- !u!4 &5068053523975985024
Transform:
  m_ObjectHideFlags: 0
  m_CorrespondingSourceObject: {fileID: 0}
  m_PrefabInstance: {fileID: 0}
  m_PrefabAsset: {fileID: 0}
  m_GameObject: {fileID: 5068053523975985030}
  m_LocalRotation: {x: 0, y: 0, z: 0, w: 1}
  m_LocalPosition: {x: 0, y: 0, z: 0.011}
  m_LocalScale: {x: 1, y: 1, z: 1}
  m_Children:
  - {fileID: 5068053525799201140}
  - {fileID: 5068053525158850474}
  - {fileID: 7000111265634053968}
  m_Father: {fileID: 0}
  m_RootOrder: 0
  m_LocalEulerAnglesHint: {x: 0, y: 0, z: 0}
--- !u!114 &5068053523975985025
MonoBehaviour:
  m_ObjectHideFlags: 0
  m_CorrespondingSourceObject: {fileID: 0}
  m_PrefabInstance: {fileID: 0}
  m_PrefabAsset: {fileID: 0}
  m_GameObject: {fileID: 5068053523975985030}
  m_Enabled: 1
  m_EditorHideFlags: 0
  m_Script: {fileID: 11500000, guid: bd5bb36538fd31a428bb137d248a481b, type: 3}
  m_Name: 
  m_EditorClassIdentifier: 
  Lines:
  - {fileID: 5068053525799201033}
  - {fileID: 5068053525158850455}
  Drawer: {fileID: 0}
  DrawSpeed: 10
  GrowSpeed: 1
  MeshHeight: 3
  ActiveLine: -1
  SplineExample: {fileID: 5826363771796669697, guid: 2c754be136ceba0469f0d462c1e7b406,
    type: 3}
  Model: {fileID: 8173550393466033215}
  OutlineOnPlane: {fileID: 0}
--- !u!1 &5068053525158850475
GameObject:
  m_ObjectHideFlags: 0
  m_CorrespondingSourceObject: {fileID: 0}
  m_PrefabInstance: {fileID: 0}
  m_PrefabAsset: {fileID: 0}
  serializedVersion: 6
  m_Component:
  - component: {fileID: 5068053525158850474}
  - component: {fileID: 5068053525158850451}
  - component: {fileID: 5068053525158850448}
  - component: {fileID: 5068053525158850449}
  - component: {fileID: 5068053525158850454}
  - component: {fileID: 5068053525158850455}
  m_Layer: 0
  m_Name: BGCurve (1)
  m_TagString: Untagged
  m_Icon: {fileID: 0}
  m_NavMeshLayer: 0
  m_StaticEditorFlags: 0
  m_IsActive: 1
--- !u!4 &5068053525158850474
Transform:
  m_ObjectHideFlags: 0
  m_CorrespondingSourceObject: {fileID: 0}
  m_PrefabInstance: {fileID: 0}
  m_PrefabAsset: {fileID: 0}
  m_GameObject: {fileID: 5068053525158850475}
  m_LocalRotation: {x: -1.9950595e-17, y: -0.7048409, z: -0.000000084023576, w: 0.7093654}
  m_LocalPosition: {x: 1.4603643, y: -0.00000019020618, z: 1.9155655}
  m_LocalScale: {x: 0.64169, y: 0.64169, z: 0.64169}
  m_Children: []
  m_Father: {fileID: 5068053523975985024}
  m_RootOrder: 1
  m_LocalEulerAnglesHint: {x: 0, y: -89.633, z: 0}
--- !u!114 &5068053525158850451
MonoBehaviour:
  m_ObjectHideFlags: 0
  m_CorrespondingSourceObject: {fileID: 0}
  m_PrefabInstance: {fileID: 0}
  m_PrefabAsset: {fileID: 0}
  m_GameObject: {fileID: 5068053525158850475}
  m_Enabled: 1
  m_EditorHideFlags: 0
  m_Script: {fileID: 11500000, guid: e70f079e2a6bf364e8185b765fbe61c0, type: 3}
  m_Name: 
  m_EditorClassIdentifier: 
  settings:
    hideHandles: 0
    newPointDistance: 2
    showCurve: 1
    showCurveMode: 1
    showCurveOption: 0
    sections: 20
    showPointMenu: 1
    showTangents: 0
    tangentsSize: 0.7
    tangentsColor: {r: 1, g: 1, b: 1, a: 1}
    tangentsPerSection: 1
    controlType: 1
    vRay: 0
    lineColor: {r: 1, g: 0, b: 0, a: 1}
    restrictGizmoz: 
    showPointControlType: 1
    showPointPosition: 1
    showHandles: 1
    handlesType: 0
    handlesSettings:
      RemoveX: 0
      RemoveY: 1
      RemoveZ: 0
      RemoveXZ: 0
      RemoveXY: 1
      RemoveYZ: 1
      AxisScale: 1
      PlanesScale: 1
      Alpha: 1
    showLabels: 1
    labelColor: {r: 1, g: 1, b: 1, a: 1}
    showPositions: 0
    labelColorSelected: {r: 0, g: 1, b: 0, a: 1}
    showSpheres: 1
    sphereRadius: 0.1
    sphereColor: {r: 1, g: 0, b: 0, a: 1}
    showPointControlPositions: 1
    showControlHandles: 1
    controlHandlesType: 0
    controlHandlesSettings:
      RemoveX: 0
      RemoveY: 1
      RemoveZ: 0
      RemoveXZ: 0
      RemoveXY: 1
      RemoveYZ: 1
      AxisScale: 0.7
      PlanesScale: 0.7
      Alpha: 0.7
    controlHandlesColor: {r: 0, g: 1, b: 1, a: 1}
    showControlLabels: 1
    showControlPositions: 0
    labelControlColor: {r: 1, g: 0.92156863, b: 0.015686275, a: 1}
    showTransformField: 0
    existing: 1
  mode2D: 2
  closed: 1
  points:
  - controlType: 0
    positionLocal: {x: -3.3115802, y: 0, z: 11.114903}
    controlFirstLocal: {x: -0.3081529, y: 0, z: 2.3388138}
    controlSecondLocal: {x: 0.3081529, y: -0, z: -2.3388138}
    pointTransform: {fileID: 0}
    curve: {fileID: 5068053525158850451}
    fieldsValues: []
  - controlType: 0
    positionLocal: {x: 0.84311265, y: 0, z: 6.301241}
    controlFirstLocal: {x: 3.215654, y: -0, z: -0.026524186}
    controlSecondLocal: {x: -3.215654, y: 0, z: 0.026524186}
    pointTransform: {fileID: 0}
    curve: {fileID: 5068053525158850451}
    fieldsValues: []
  - controlType: 1
    positionLocal: {x: -0.15419884, y: 0, z: 5.309707}
    controlFirstLocal: {x: 0.050415304, y: 0, z: 0.10653949}
    controlSecondLocal: {x: -0.050415304, y: -0, z: -0.10653949}
    pointTransform: {fileID: 0}
    curve: {fileID: 5068053525158850451}
    fieldsValues: []
  - controlType: 1
    positionLocal: {x: 2.065969, y: 0, z: 2.565653}
    controlFirstLocal: {x: -0.15011199, y: 0, z: 0.24771239}
    controlSecondLocal: {x: 0.15011199, y: -0, z: -0.24771239}
    pointTransform: {fileID: 0}
    curve: {fileID: 5068053525158850451}
    fieldsValues: []
  - controlType: 1
    positionLocal: {x: -2.6546447, y: 0, z: 1.4219246}
    controlFirstLocal: {x: 0.30220872, y: 0, z: 0.05748522}
    controlSecondLocal: {x: -0.30220872, y: -0, z: -0.05748522}
    pointTransform: {fileID: 0}
    curve: {fileID: 5068053525158850451}
    fieldsValues: []
  - controlType: 1
    positionLocal: {x: -4.048068, y: 0, z: 1.4957907}
    controlFirstLocal: {x: 0.15073031, y: 0, z: 0.010186191}
    controlSecondLocal: {x: -0.15073031, y: -0, z: -0.010186191}
    pointTransform: {fileID: 0}
    curve: {fileID: 5068053525158850451}
    fieldsValues: []
  - controlType: 1
    positionLocal: {x: -8.511993, y: 0, z: 2.5002618}
    controlFirstLocal: {x: 0.28374535, y: 0, z: -0.10237227}
    controlSecondLocal: {x: -0.28374535, y: -0, z: 0.10237227}
    pointTransform: {fileID: 0}
    curve: {fileID: 5068053525158850451}
    fieldsValues: []
  - controlType: 1
    positionLocal: {x: -6.453974, y: 0, z: 4.976722}
    controlFirstLocal: {x: -0.042390686, y: 0, z: -0.0559938}
    controlSecondLocal: {x: 0.042390686, y: 0, z: 0.0559938}
    pointTransform: {fileID: 0}
    curve: {fileID: 5068053525158850451}
    fieldsValues: []
  - controlType: 1
    positionLocal: {x: -7.062899, y: 0, z: 5.89519}
    controlFirstLocal: {x: -0.1838819, y: 0, z: -0.2137686}
    controlSecondLocal: {x: 0.1838819, y: -0, z: 0.2137686}
    pointTransform: {fileID: 0}
    curve: {fileID: 5068053525158850451}
    fieldsValues: []
  pointsComponents: []
  pointsGameObjects: []
  fields: []
  snapType: 0
  snapAxis: 1
  snapDistance: 10
  snapLayerMask:
    serializedVersion: 2
    m_Bits: 4294967295
  snapTriggerInteraction: 0
  snapToBackFaces: 0
  snapMonitoring: 0
  eventMode: 0
  pointsMode: 0
  forceChangedEventMode: 0
--- !u!120 &5068053525158850448
LineRenderer:
  m_ObjectHideFlags: 0
  m_CorrespondingSourceObject: {fileID: 0}
  m_PrefabInstance: {fileID: 0}
  m_PrefabAsset: {fileID: 0}
  m_GameObject: {fileID: 5068053525158850475}
  m_Enabled: 1
  m_CastShadows: 0
  m_ReceiveShadows: 1
  m_DynamicOccludee: 1
  m_MotionVectors: 0
  m_LightProbeUsage: 0
  m_ReflectionProbeUsage: 0
  m_RayTracingMode: 0
  m_RenderingLayerMask: 1
  m_RendererPriority: 0
  m_Materials:
  - {fileID: 2100000, guid: 06f3f1048eee2f944a436a7ddb458d60, type: 2}
  m_StaticBatchInfo:
    firstSubMesh: 0
    subMeshCount: 0
  m_StaticBatchRoot: {fileID: 0}
  m_ProbeAnchor: {fileID: 0}
  m_LightProbeVolumeOverride: {fileID: 0}
  m_ScaleInLightmap: 1
  m_ReceiveGI: 1
  m_PreserveUVs: 0
  m_IgnoreNormalsForChartDetection: 0
  m_ImportantGI: 0
  m_StitchLightmapSeams: 1
  m_SelectedEditorRenderState: 3
  m_MinimumChartSize: 4
  m_AutoUVMaxDistance: 0.5
  m_AutoUVMaxAngle: 89
  m_LightmapParameters: {fileID: 0}
  m_SortingLayerID: 0
  m_SortingLayer: 0
  m_SortingOrder: 0
  m_Positions:
  - {x: -5.6854095, y: 0.000000907908, z: -0.15276161}
  - {x: -2.5795345, y: 0.00000022423262, z: 2.4934437}
  - {x: -2.506539, y: 0.00000022487973, z: 2.4145167}
  - {x: -2.4379513, y: 0.0000002254432, z: 2.3407311}
  - {x: -2.373771, y: 0.00000022592306, z: 2.2720876}
  - {x: -2.313998, y: 0.00000022631929, z: 2.2085857}
  - {x: -2.2586322, y: 0.00000022663188, z: 2.1502256}
  - {x: -2.207674, y: 0.00000022686085, z: 2.0970073}
  - {x: -2.1611235, y: 0.0000002270062, z: 2.0489306}
  - {x: -2.1189802, y: 0.00000022706791, z: 2.0059958}
  - {x: -2.0812442, y: 0.000000227046, z: 1.9682027}
  - {x: -2.047916, y: 0.00000022694047, z: 1.9355514}
  - {x: -2.0189948, y: 0.0000002267513, z: 1.9080417}
  - {x: -1.9944813, y: 0.0000002264785, z: 1.8856739}
  - {x: -1.9743752, y: 0.0000002261221, z: 1.8684478}
  - {x: -1.9586766, y: 0.00000022568204, z: 1.8563635}
  - {x: -1.9473853, y: 0.00000022515837, z: 1.8494209}
  - {x: -1.9149467, y: 0.00000021997565, z: 1.8605298}
  - {x: -1.848279, y: 0.00000020689802, z: 1.9038438}
  - {x: -1.7524607, y: 0.00000018708663, z: 1.9746708}
  - {x: -1.6325705, y: 0.00000016170257, z: 2.068319}
  - {x: -1.4936868, y: 0.000000131907, z: 2.180097}
  - {x: -1.340888, y: 0.000000098861015, z: 2.3053124}
  - {x: -1.1792527, y: 0.00000006372576, z: 2.4392736}
  - {x: -1.0138594, y: 0.00000002766235, z: 2.5772884}
  - {x: -0.8497864, y: -0.000000008168083, z: 2.7146654}
  - {x: -0.6921124, y: -0.000000042604416, z: 2.8467126}
  - {x: -0.5459158, y: -0.00000007448553, z: 2.9687378}
  - {x: -0.41627505, y: -0.00000010265028, z: 3.0760496}
  - {x: -0.30826876, y: -0.00000012593756, z: 3.163956}
  - {x: -0.22697535, y: -0.00000014318626, z: 3.2277648}
  - {x: -0.1774733, y: -0.0000001532352, z: 3.2627847}
  - {x: -0.14101313, y: -0.00000015525613, z: 3.2431524}
  - {x: -0.096459255, y: -0.00000014988579, z: 3.1529727}
  - {x: -0.04531107, y: -0.0000001381607, z: 3.0025055}
  - {x: 0.010932039, y: -0.0000001211173, z: 2.8020103}
  - {x: 0.070770696, y: -0.0000000997921, z: 2.5617468}
  - {x: 0.13270551, y: -0.000000075221585, z: 2.2919745}
  - {x: 0.19523712, y: -0.000000048442235, z: 2.0029533}
  - {x: 0.25686613, y: -0.000000020490532, z: 1.704943}
  - {x: 0.31609315, y: 0.000000007597036, z: 1.4082028}
  - {x: 0.37141883, y: 0.000000034783984, z: 1.1229925}
  - {x: 0.42134374, y: 0.000000060033834, z: 0.85957205}
  - {x: 0.46436855, y: 0.000000082310095, z: 0.6282008}
  - {x: 0.49899384, y: 0.00000010057628, z: 0.4391386}
  - {x: 0.52372026, y: 0.000000113795906, z: 0.302645}
  - {x: 0.5370484, y: 0.0000001209325, z: 0.22897968}
  - {x: 0.5425083, y: 0.0000001254945, z: 0.18496948}
  - {x: 0.54490334, y: 0.00000013152025, z: 0.13168576}
  - {x: 0.544644, y: 0.0000001387682, z: 0.07075503}
  - {x: 0.54214084, y: 0.00000014699674, z: 0.0038037298}
  - {x: 0.5378044, y: 0.00000015596429, z: -0.067541644}
  - {x: 0.53204525, y: 0.00000016542924, z: -0.14165461}
  - {x: 0.52527386, y: 0.00000017515002, z: -0.21690871}
  - {x: 0.5179009, y: 0.00000018488502, z: -0.29167745}
  - {x: 0.51033676, y: 0.00000019439268, z: -0.36433434}
  - {x: 0.50299203, y: 0.00000020343138, z: -0.43325293}
  - {x: 0.4962773, y: 0.00000021175956, z: -0.49680674}
  - {x: 0.49060306, y: 0.0000002191356, z: -0.5533693}
  - {x: 0.4863799, y: 0.00000022531792, z: -0.60131407}
  - {x: 0.4840183, y: 0.00000023006494, z: -0.6390146}
  - {x: 0.48392886, y: 0.00000023313507, z: -0.66484445}
  - {x: 0.47734624, y: 0.0000002399652, z: -0.71588403}
  - {x: 0.4565861, y: 0.00000025530608, z: -0.82450783}
  - {x: 0.42368028, y: 0.00000027788673, z: -0.9820309}
  - {x: 0.38066065, y: 0.00000030643628, z: -1.1797683}
  - {x: 0.32955915, y: 0.00000033968377, z: -1.4090351}
  - {x: 0.27240765, y: 0.0000003763583, z: -1.6611462}
  - {x: 0.211238, y: 0.00000041518894, z: -1.9274166}
  - {x: 0.1480821, y: 0.00000045490475, z: -2.1991613}
  - {x: 0.08497185, y: 0.0000004942349, z: -2.4676955}
  - {x: 0.023939125, y: 0.0000005319083, z: -2.724334}
  - {x: -0.03298419, y: 0.0000005666542, z: -2.960392}
  - {x: -0.08376621, y: 0.0000005972016, z: -3.1671846}
  - {x: -0.12637505, y: 0.0000006222796, z: -3.3360264}
  - {x: -0.15877883, y: 0.00000064061726, z: -3.4582326}
  - {x: -0.17894566, y: 0.00000065094366, z: -3.5251186}
  - {x: -0.21028678, y: 0.00000065646054, z: -3.540153}
  - {x: -0.27418634, y: 0.0000006612523, z: -3.5162983}
  - {x: -0.3655716, y: 0.0000006653721, z: -3.459108}
  - {x: -0.4793697, y: 0.0000006688731, z: -3.374137}
  - {x: -0.6105079, y: 0.0000006718084, z: -3.266939}
  - {x: -0.75391346, y: 0.0000006742312, z: -3.1430676}
  - {x: -0.9045135, y: 0.0000006761947, z: -3.0080776}
  - {x: -1.0572352, y: 0.0000006777519, z: -2.867523}
  - {x: -1.2070061, y: 0.00000067895616, z: -2.7269573}
  - {x: -1.348753, y: 0.0000006798604, z: -2.591935}
  - {x: -1.4774033, y: 0.0000006805179, z: -2.4680102}
  - {x: -1.5878842, y: 0.0000006809819, z: -2.3607368}
  - {x: -1.675123, y: 0.0000006813053, z: -2.2756689}
  - {x: -1.7340467, y: 0.00000068154145, z: -2.2183607}
  - {x: -1.7595828, y: 0.0000006817435, z: -2.1943662}
  - {x: -1.7716554, y: 0.00000068337573, z: -2.1959968}
  - {x: -1.79278, y: 0.00000068760266, z: -2.2104228}
  - {x: -1.8217707, y: 0.00000069402745, z: -2.2354884}
  - {x: -1.857441, y: 0.0000007022534, z: -2.2690377}
  - {x: -1.898605, y: 0.0000007118836, z: -2.3089142}
  - {x: -1.9440764, y: 0.0000007225214, z: -2.3529615}
  - {x: -1.9926692, y: 0.00000073377, z: -2.3990242}
  - {x: -2.0431972, y: 0.00000074523246, z: -2.4449456}
  - {x: -2.094474, y: 0.0000007565122, z: -2.4885697}
  - {x: -2.1453142, y: 0.00000076721227, z: -2.5277405}
  - {x: -2.194531, y: 0.000000776936, z: -2.5603018}
  - {x: -2.2409382, y: 0.0000007852866, z: -2.5840974}
  - {x: -2.28335, y: 0.0000007918672, z: -2.596971}
  - {x: -2.3205802, y: 0.00000079628114, z: -2.596767}
  - {x: -2.3514426, y: 0.0000007981315, z: -2.5813286}
  - {x: -2.3832364, y: 0.00000079889094, z: -2.5557423}
  - {x: -2.4422402, y: 0.0000008005874, z: -2.5106819}
  - {x: -2.5284543, y: 0.00000080322076, z: -2.4461474}
  - {x: -2.6418784, y: 0.0000008067912, z: -2.362139}
  - {x: -2.7825124, y: 0.0000008112986, z: -2.2586567}
  - {x: -2.9503567, y: 0.00000081674307, z: -2.1357002}
  - {x: -3.145411, y: 0.0000008231245, z: -1.9932697}
  - {x: -3.3676755, y: 0.0000008304429, z: -1.8313652}
  - {x: -3.61715, y: 0.0000008386983, z: -1.6499867}
  - {x: -3.8938348, y: 0.00000084789076, z: -1.4491342}
  - {x: -4.1977296, y: 0.0000008580202, z: -1.2288078}
  - {x: -4.5288343, y: 0.00000086908665, z: -0.98900723}
  - {x: -4.8871493, y: 0.0000008810901, z: -0.7297327}
  - {x: -5.2726746, y: 0.0000008940305, z: -0.45098418}
  - {x: -5.6854095, y: 0.000000907908, z: -0.15276161}
  m_Parameters:
    serializedVersion: 3
    widthMultiplier: 0.1
    widthCurve:
      serializedVersion: 2
      m_Curve:
      - serializedVersion: 3
        time: 0
        value: 1
        inSlope: 0
        outSlope: 0
        tangentMode: 0
        weightedMode: 0
        inWeight: 0
        outWeight: 0
      m_PreInfinity: 2
      m_PostInfinity: 2
      m_RotationOrder: 4
    colorGradient:
      serializedVersion: 2
      key0: {r: 1, g: 1, b: 1, a: 1}
      key1: {r: 1, g: 1, b: 1, a: 1}
      key2: {r: 0, g: 0, b: 0, a: 0}
      key3: {r: 0, g: 0, b: 0, a: 0}
      key4: {r: 0, g: 0, b: 0, a: 0}
      key5: {r: 0, g: 0, b: 0, a: 0}
      key6: {r: 0, g: 0, b: 0, a: 0}
      key7: {r: 0, g: 0, b: 0, a: 0}
      ctime0: 0
      ctime1: 65535
      ctime2: 0
      ctime3: 0
      ctime4: 0
      ctime5: 0
      ctime6: 0
      ctime7: 0
      atime0: 0
      atime1: 65535
      atime2: 0
      atime3: 0
      atime4: 0
      atime5: 0
      atime6: 0
      atime7: 0
      m_Mode: 0
      m_NumColorKeys: 2
      m_NumAlphaKeys: 2
    numCornerVertices: 0
    numCapVertices: 0
    alignment: 0
    textureMode: 1
    shadowBias: 0.5
    generateLightingData: 1
  m_UseWorldSpace: 1
  m_Loop: 0
--- !u!114 &5068053525158850449
MonoBehaviour:
  m_ObjectHideFlags: 0
  m_CorrespondingSourceObject: {fileID: 0}
  m_PrefabInstance: {fileID: 0}
  m_PrefabAsset: {fileID: 0}
  m_GameObject: {fileID: 5068053525158850475}
  m_Enabled: 1
  m_EditorHideFlags: 0
  m_Script: {fileID: 11500000, guid: b6d20671ad38ded4fa2362df353b9a31, type: 3}
  m_Name: 
  m_EditorClassIdentifier: 
  showHandles: 1
  hidden: 0
  parent: {fileID: 0}
  ccName: 
  fields: 3
  mathType: 0
  sectionParts: 15
  optimizeStraightLines: 0
  tolerance: 0.296
  usePositionToCalculateTangents: 0
  updateMode: 0
  rendererForUpdateCheck: {fileID: 0}
  mathChangedEvent:
    m_PersistentCalls:
      m_Calls: []
  spheresScale: 0.961
  spheresColor: {r: 1, g: 1, b: 1, a: 1}
  spheresCount: 100
--- !u!114 &5068053525158850454
MonoBehaviour:
  m_ObjectHideFlags: 0
  m_CorrespondingSourceObject: {fileID: 0}
  m_PrefabInstance: {fileID: 0}
  m_PrefabAsset: {fileID: 0}
  m_GameObject: {fileID: 5068053525158850475}
  m_Enabled: 1
  m_EditorHideFlags: 0
  m_Script: {fileID: 11500000, guid: 8a69af748a081a14dbc7aa333bece5af, type: 3}
  m_Name: 
  m_EditorClassIdentifier: 
  showHandles: 1
  hidden: 0
  parent: {fileID: 5068053525158850449}
  ccName: 
  splitMode: 0
  partsTotal: 30
  partsPerSection: 30
  doNotOptimizeStraightLines: 0
  useLocal: 0
  spheresScale: 1
  spheresColor: {r: 1, g: 1, b: 1, a: 1}
  spheresCount: 100
  updateAtStart: 1
--- !u!114 &5068053525158850455
MonoBehaviour:
  m_ObjectHideFlags: 0
  m_CorrespondingSourceObject: {fileID: 0}
  m_PrefabInstance: {fileID: 0}
  m_PrefabAsset: {fileID: 0}
  m_GameObject: {fileID: 5068053525158850475}
  m_Enabled: 1
  m_EditorHideFlags: 0
  m_Script: {fileID: 11500000, guid: 8f71299156ce456448266a103ac54ed0, type: 3}
  m_Name: 
  m_EditorClassIdentifier: 
  ActiveDraw: 0
  DrawSpeed: 2
  Smooth: 0.01
  cursorobj: {fileID: 0}
--- !u!1 &5068053525799201038
GameObject:
  m_ObjectHideFlags: 0
  m_CorrespondingSourceObject: {fileID: 0}
  m_PrefabInstance: {fileID: 0}
  m_PrefabAsset: {fileID: 0}
  serializedVersion: 6
  m_Component:
  - component: {fileID: 5068053525799201140}
  - component: {fileID: 5068053525799201141}
  - component: {fileID: 5068053525799201034}
  - component: {fileID: 5068053525799201035}
  - component: {fileID: 5068053525799201032}
  - component: {fileID: 5068053525799201033}
  m_Layer: 0
  m_Name: BGCurve
  m_TagString: Untagged
  m_Icon: {fileID: 0}
  m_NavMeshLayer: 0
  m_StaticEditorFlags: 0
  m_IsActive: 1
--- !u!4 &5068053525799201140
Transform:
  m_ObjectHideFlags: 0
  m_CorrespondingSourceObject: {fileID: 0}
  m_PrefabInstance: {fileID: 0}
  m_PrefabAsset: {fileID: 0}
  m_GameObject: {fileID: 5068053525799201038}
  m_LocalRotation: {x: -0, y: -0, z: -0, w: 1}
  m_LocalPosition: {x: 0, y: 0, z: 0}
  m_LocalScale: {x: 1, y: 1, z: 1}
  m_Children: []
  m_Father: {fileID: 5068053523975985024}
  m_RootOrder: 0
  m_LocalEulerAnglesHint: {x: 0, y: 0, z: 0}
--- !u!114 &5068053525799201141
MonoBehaviour:
  m_ObjectHideFlags: 0
  m_CorrespondingSourceObject: {fileID: 0}
  m_PrefabInstance: {fileID: 0}
  m_PrefabAsset: {fileID: 0}
  m_GameObject: {fileID: 5068053525799201038}
  m_Enabled: 1
  m_EditorHideFlags: 0
  m_Script: {fileID: 11500000, guid: e70f079e2a6bf364e8185b765fbe61c0, type: 3}
  m_Name: 
  m_EditorClassIdentifier: 
  settings:
    hideHandles: 0
    newPointDistance: 2
    showCurve: 1
    showCurveMode: 1
    showCurveOption: 0
    sections: 20
    showPointMenu: 1
    showTangents: 0
    tangentsSize: 0.7
    tangentsColor: {r: 1, g: 1, b: 1, a: 1}
    tangentsPerSection: 1
    controlType: 1
    vRay: 0
    lineColor: {r: 1, g: 0, b: 0, a: 1}
    restrictGizmoz: 
    showPointControlType: 1
    showPointPosition: 1
    showHandles: 1
    handlesType: 0
    handlesSettings:
      RemoveX: 0
      RemoveY: 1
      RemoveZ: 0
      RemoveXZ: 0
      RemoveXY: 1
      RemoveYZ: 1
      AxisScale: 1
      PlanesScale: 1
      Alpha: 1
    showLabels: 1
    labelColor: {r: 1, g: 1, b: 1, a: 1}
    showPositions: 0
    labelColorSelected: {r: 0, g: 1, b: 0, a: 1}
    showSpheres: 1
    sphereRadius: 0.1
    sphereColor: {r: 1, g: 0, b: 0, a: 1}
    showPointControlPositions: 1
    showControlHandles: 1
    controlHandlesType: 0
    controlHandlesSettings:
      RemoveX: 0
      RemoveY: 1
      RemoveZ: 0
      RemoveXZ: 0
      RemoveXY: 1
      RemoveYZ: 1
      AxisScale: 0.7
      PlanesScale: 0.7
      Alpha: 0.7
    controlHandlesColor: {r: 0, g: 1, b: 1, a: 1}
    showControlLabels: 1
    showControlPositions: 0
    labelControlColor: {r: 1, g: 0.92156863, b: 0.015686275, a: 1}
    showTransformField: 0
    existing: 1
  mode2D: 2
  closed: 1
  points:
  - controlType: 0
    positionLocal: {x: 4.240186, y: 0, z: 0.567168}
    controlFirstLocal: {x: 0, y: 0, z: 0}
    controlSecondLocal: {x: 0, y: 0, z: 0}
    pointTransform: {fileID: 0}
    curve: {fileID: 5068053525799201141}
    fieldsValues: []
  - controlType: 0
    positionLocal: {x: 4.2642875, y: 0, z: -0.86583656}
    controlFirstLocal: {x: 0, y: 0, z: 0}
    controlSecondLocal: {x: 0, y: 0, z: 0}
    pointTransform: {fileID: 0}
    curve: {fileID: 5068053525799201141}
    fieldsValues: []
  - controlType: 1
    positionLocal: {x: 2.376006, y: 0, z: -0.88876575}
    controlFirstLocal: {x: 0.18948658, y: 0, z: 0.0023009123}
    controlSecondLocal: {x: -0.18948658, y: 0, z: -0.0023009123}
    pointTransform: {fileID: 0}
    curve: {fileID: 5068053525799201141}
    fieldsValues: []
  - controlType: 0
    positionLocal: {x: 0.47455573, y: 0, z: -0.9118548}
    controlFirstLocal: {x: 0.1505255, y: 0, z: 0.01595297}
    controlSecondLocal: {x: -0.0027032495, y: 0, z: 1.5361758}
    pointTransform: {fileID: 0}
    curve: {fileID: 5068053525799201141}
    fieldsValues: []
  - controlType: 0
    positionLocal: {x: 0.49578595, y: 0, z: 0.5509939}
    controlFirstLocal: {x: -0.013755563, y: 0, z: -0.5765498}
    controlSecondLocal: {x: 0.5496099, y: 0, z: -0.033214986}
    pointTransform: {fileID: 0}
    curve: {fileID: 5068053525799201141}
    fieldsValues: []
  - controlType: 1
    positionLocal: {x: 2.467382, y: 0, z: 0.5595103}
    controlFirstLocal: {x: -0.18722, y: 0, z: -0.00080870395}
    controlSecondLocal: {x: 0.18722, y: 0, z: 0.00080870395}
    pointTransform: {fileID: 0}
    curve: {fileID: 5068053525799201141}
    fieldsValues: []
  pointsComponents: []
  pointsGameObjects: []
  fields: []
  snapType: 0
  snapAxis: 1
  snapDistance: 10
  snapLayerMask:
    serializedVersion: 2
    m_Bits: 4294967295
  snapTriggerInteraction: 0
  snapToBackFaces: 0
  snapMonitoring: 0
  eventMode: 0
  pointsMode: 0
  forceChangedEventMode: 0
--- !u!120 &5068053525799201034
LineRenderer:
  m_ObjectHideFlags: 0
  m_CorrespondingSourceObject: {fileID: 0}
  m_PrefabInstance: {fileID: 0}
  m_PrefabAsset: {fileID: 0}
  m_GameObject: {fileID: 5068053525799201038}
  m_Enabled: 1
  m_CastShadows: 0
  m_ReceiveShadows: 1
  m_DynamicOccludee: 1
  m_MotionVectors: 0
  m_LightProbeUsage: 0
  m_ReflectionProbeUsage: 0
  m_RayTracingMode: 0
  m_RenderingLayerMask: 1
  m_RendererPriority: 0
  m_Materials:
  - {fileID: 2100000, guid: 3728ca8f2094e854687efdf735cb12c3, type: 2}
  m_StaticBatchInfo:
    firstSubMesh: 0
    subMeshCount: 0
  m_StaticBatchRoot: {fileID: 0}
  m_ProbeAnchor: {fileID: 0}
  m_LightProbeVolumeOverride: {fileID: 0}
  m_ScaleInLightmap: 1
  m_ReceiveGI: 1
  m_PreserveUVs: 0
  m_IgnoreNormalsForChartDetection: 0
  m_ImportantGI: 0
  m_StitchLightmapSeams: 1
  m_SelectedEditorRenderState: 3
  m_MinimumChartSize: 4
  m_AutoUVMaxDistance: 0.5
  m_AutoUVMaxAngle: 89
  m_LightmapParameters: {fileID: 0}
  m_SortingLayerID: 0
  m_SortingLayer: 0
  m_SortingOrder: 0
  m_Positions:
  - {x: 4.240186, y: 0, z: 0.578168}
  - {x: 4.2642875, y: 0, z: -0.8548366}
  - {x: 4.0444894, y: 0, z: -0.85750556}
  - {x: 3.8381076, y: 0, z: -0.86001164}
  - {x: 3.6451418, y: 0, z: -0.8623548}
  - {x: 3.4655921, y: 0, z: -0.86453503}
  - {x: 3.2994583, y: 0, z: -0.8665524}
  - {x: 3.1467407, y: 0, z: -0.86840683}
  - {x: 3.0074394, y: 0, z: -0.87009835}
  - {x: 2.881554, y: 0, z: -0.871627}
  - {x: 2.7690845, y: 0, z: -0.87299263}
  - {x: 2.670031, y: 0, z: -0.87419546}
  - {x: 2.584394, y: 0, z: -0.8752353}
  - {x: 2.512173, y: 0, z: -0.87611234}
  - {x: 2.4533677, y: 0, z: -0.8768264}
  - {x: 2.4079788, y: 0, z: -0.8773775}
  - {x: 2.376006, y: 0, z: -0.8777658}
  - {x: 2.3439744, y: 0, z: -0.87815475}
  - {x: 2.29841, y: 0, z: -0.878708}
  - {x: 2.2393122, y: 0, z: -0.87942564}
  - {x: 2.1666813, y: 0, z: -0.88030756}
  - {x: 2.0805175, y: 0, z: -0.88135386}
  - {x: 1.9808203, y: 0, z: -0.8825645}
  - {x: 1.8675901, y: 0, z: -0.8839394}
  - {x: 1.7408267, y: 0, z: -0.8854787}
  - {x: 1.6005303, y: 0, z: -0.8871823}
  - {x: 1.4467007, y: 0, z: -0.8890502}
  - {x: 1.279338, y: 0, z: -0.89108247}
  - {x: 1.0984421, y: 0, z: -0.8932791}
  - {x: 0.9040131, y: 0, z: -0.89563996}
  - {x: 0.696051, y: 0, z: -0.8981652}
  - {x: 0.47455573, y: 0, z: -0.9008548}
  - {x: 0.49578595, y: 0, z: 0.5619939}
  - {x: 0.7266043, y: 0, z: 0.5629909}
  - {x: 0.9432256, y: 0, z: 0.56392664}
  - {x: 1.14565, y: 0, z: 0.564801}
  - {x: 1.3338776, y: 0, z: 0.56561404}
  - {x: 1.5079081, y: 0, z: 0.5663658}
  - {x: 1.6677418, y: 0, z: 0.5670562}
  - {x: 1.8133785, y: 0, z: 0.56768525}
  - {x: 1.9448181, y: 0, z: 0.56825304}
  - {x: 2.0620608, y: 0, z: 0.56875944}
  - {x: 2.1651068, y: 0, z: 0.56920457}
  - {x: 2.2539556, y: 0, z: 0.56958836}
  - {x: 2.3286078, y: 0, z: 0.5699108}
  - {x: 2.3890626, y: 0, z: 0.57017195}
  - {x: 2.4353209, y: 0, z: 0.5703718}
  - {x: 2.467382, y: 0, z: 0.57051027}
  - {x: 2.4985595, y: 0, z: 0.5706449}
  - {x: 2.5421672, y: 0, z: 0.5708333}
  - {x: 2.5982046, y: 0, z: 0.5710754}
  - {x: 2.666672, y: 0, z: 0.57137114}
  - {x: 2.747569, y: 0, z: 0.57172054}
  - {x: 2.8408964, y: 0, z: 0.5721237}
  - {x: 2.9466534, y: 0, z: 0.5725805}
  - {x: 3.0648403, y: 0, z: 0.57309103}
  - {x: 3.1954572, y: 0, z: 0.57365525}
  - {x: 3.3385038, y: 0, z: 0.5742731}
  - {x: 3.4939806, y: 0, z: 0.57494473}
  - {x: 3.6618872, y: 0, z: 0.57567}
  - {x: 3.8422236, y: 0, z: 0.576449}
  - {x: 4.03499, y: 0, z: 0.5772816}
  - {x: 4.240186, y: 0, z: 0.578168}
  m_Parameters:
    serializedVersion: 3
    widthMultiplier: 0.1
    widthCurve:
      serializedVersion: 2
      m_Curve:
      - serializedVersion: 3
        time: 0.49532318
        value: 1
        inSlope: 0
        outSlope: 0
        tangentMode: 0
        weightedMode: 0
        inWeight: 0
        outWeight: 0
      m_PreInfinity: 2
      m_PostInfinity: 2
      m_RotationOrder: 4
    colorGradient:
      serializedVersion: 2
      key0: {r: 1, g: 1, b: 1, a: 1}
      key1: {r: 1, g: 1, b: 1, a: 1}
      key2: {r: 0, g: 0, b: 0, a: 0}
      key3: {r: 0, g: 0, b: 0, a: 0}
      key4: {r: 0, g: 0, b: 0, a: 0}
      key5: {r: 0, g: 0, b: 0, a: 0}
      key6: {r: 0, g: 0, b: 0, a: 0}
      key7: {r: 0, g: 0, b: 0, a: 0}
      ctime0: 0
      ctime1: 65535
      ctime2: 0
      ctime3: 0
      ctime4: 0
      ctime5: 0
      ctime6: 0
      ctime7: 0
      atime0: 0
      atime1: 65535
      atime2: 0
      atime3: 0
      atime4: 0
      atime5: 0
      atime6: 0
      atime7: 0
      m_Mode: 0
      m_NumColorKeys: 2
      m_NumAlphaKeys: 2
    numCornerVertices: 0
    numCapVertices: 0
    alignment: 0
    textureMode: 1
    shadowBias: 0.5
    generateLightingData: 1
  m_UseWorldSpace: 1
  m_Loop: 0
--- !u!114 &5068053525799201035
MonoBehaviour:
  m_ObjectHideFlags: 0
  m_CorrespondingSourceObject: {fileID: 0}
  m_PrefabInstance: {fileID: 0}
  m_PrefabAsset: {fileID: 0}
  m_GameObject: {fileID: 5068053525799201038}
  m_Enabled: 1
  m_EditorHideFlags: 0
  m_Script: {fileID: 11500000, guid: b6d20671ad38ded4fa2362df353b9a31, type: 3}
  m_Name: 
  m_EditorClassIdentifier: 
  showHandles: 1
  hidden: 0
  parent: {fileID: 0}
  ccName: 
  fields: 3
  mathType: 0
  sectionParts: 15
  optimizeStraightLines: 0
  tolerance: 0.296
  usePositionToCalculateTangents: 0
  updateMode: 0
  rendererForUpdateCheck: {fileID: 0}
  mathChangedEvent:
    m_PersistentCalls:
      m_Calls: []
  spheresScale: 0.961
  spheresColor: {r: 1, g: 1, b: 1, a: 1}
  spheresCount: 100
--- !u!114 &5068053525799201032
MonoBehaviour:
  m_ObjectHideFlags: 0
  m_CorrespondingSourceObject: {fileID: 0}
  m_PrefabInstance: {fileID: 0}
  m_PrefabAsset: {fileID: 0}
  m_GameObject: {fileID: 5068053525799201038}
  m_Enabled: 1
  m_EditorHideFlags: 0
  m_Script: {fileID: 11500000, guid: 8a69af748a081a14dbc7aa333bece5af, type: 3}
  m_Name: 
  m_EditorClassIdentifier: 
  showHandles: 1
  hidden: 0
  parent: {fileID: 5068053525799201035}
  ccName: 
  splitMode: 0
  partsTotal: 30
  partsPerSection: 30
  doNotOptimizeStraightLines: 0
  useLocal: 0
  spheresScale: 1
  spheresColor: {r: 1, g: 1, b: 1, a: 1}
  spheresCount: 100
  updateAtStart: 1
--- !u!114 &5068053525799201033
MonoBehaviour:
  m_ObjectHideFlags: 0
  m_CorrespondingSourceObject: {fileID: 0}
  m_PrefabInstance: {fileID: 0}
  m_PrefabAsset: {fileID: 0}
  m_GameObject: {fileID: 5068053525799201038}
  m_Enabled: 1
  m_EditorHideFlags: 0
  m_Script: {fileID: 11500000, guid: 8f71299156ce456448266a103ac54ed0, type: 3}
  m_Name: 
  m_EditorClassIdentifier: 
  ActiveDraw: 0
  DrawSpeed: 2
  Smooth: 0.01
  cursorobj: {fileID: 0}
--- !u!1001 &7399376146689591483
PrefabInstance:
  m_ObjectHideFlags: 0
  serializedVersion: 2
  m_Modification:
    m_TransformParent: {fileID: 5068053523975985024}
    m_Modifications:
    - target: {fileID: -8679921383154817045, guid: 0ac7e5e46b790fb4e977be3feab18f02,
        type: 3}
      propertyPath: m_LocalPosition.x
      value: 1.93
      objectReference: {fileID: 0}
    - target: {fileID: -8679921383154817045, guid: 0ac7e5e46b790fb4e977be3feab18f02,
        type: 3}
      propertyPath: m_LocalPosition.y
      value: 0.0000024094
      objectReference: {fileID: 0}
    - target: {fileID: -8679921383154817045, guid: 0ac7e5e46b790fb4e977be3feab18f02,
        type: 3}
      propertyPath: m_LocalPosition.z
      value: -0.16
      objectReference: {fileID: 0}
    - target: {fileID: -8679921383154817045, guid: 0ac7e5e46b790fb4e977be3feab18f02,
        type: 3}
      propertyPath: m_LocalRotation.x
      value: 0.5
      objectReference: {fileID: 0}
    - target: {fileID: -8679921383154817045, guid: 0ac7e5e46b790fb4e977be3feab18f02,
        type: 3}
      propertyPath: m_LocalRotation.y
      value: -0.5
      objectReference: {fileID: 0}
    - target: {fileID: -8679921383154817045, guid: 0ac7e5e46b790fb4e977be3feab18f02,
        type: 3}
      propertyPath: m_LocalRotation.z
      value: 0.5
      objectReference: {fileID: 0}
    - target: {fileID: -8679921383154817045, guid: 0ac7e5e46b790fb4e977be3feab18f02,
        type: 3}
      propertyPath: m_LocalRotation.w
      value: 0.5
      objectReference: {fileID: 0}
    - target: {fileID: -8679921383154817045, guid: 0ac7e5e46b790fb4e977be3feab18f02,
        type: 3}
      propertyPath: m_RootOrder
      value: 2
      objectReference: {fileID: 0}
    - target: {fileID: -8679921383154817045, guid: 0ac7e5e46b790fb4e977be3feab18f02,
        type: 3}
      propertyPath: m_LocalEulerAnglesHint.x
      value: 90
      objectReference: {fileID: 0}
    - target: {fileID: -8679921383154817045, guid: 0ac7e5e46b790fb4e977be3feab18f02,
        type: 3}
      propertyPath: m_LocalEulerAnglesHint.y
      value: -90
      objectReference: {fileID: 0}
    - target: {fileID: -8679921383154817045, guid: 0ac7e5e46b790fb4e977be3feab18f02,
        type: 3}
      propertyPath: m_LocalEulerAnglesHint.z
      value: 0
      objectReference: {fileID: 0}
    - target: {fileID: -8679921383154817045, guid: 0ac7e5e46b790fb4e977be3feab18f02,
        type: 3}
      propertyPath: m_LocalScale.x
      value: 13
      objectReference: {fileID: 0}
    - target: {fileID: -8679921383154817045, guid: 0ac7e5e46b790fb4e977be3feab18f02,
        type: 3}
      propertyPath: m_LocalScale.y
      value: 8.8919
      objectReference: {fileID: 0}
    - target: {fileID: -8679921383154817045, guid: 0ac7e5e46b790fb4e977be3feab18f02,
        type: 3}
      propertyPath: m_LocalScale.z
      value: 12
      objectReference: {fileID: 0}
    - target: {fileID: -7511558181221131132, guid: 0ac7e5e46b790fb4e977be3feab18f02,
        type: 3}
      propertyPath: m_CastShadows
      value: 0
      objectReference: {fileID: 0}
    - target: {fileID: 919132149155446097, guid: 0ac7e5e46b790fb4e977be3feab18f02,
        type: 3}
      propertyPath: m_Name
      value: SM_Env_Generic_Tree_01
      objectReference: {fileID: 0}
    m_RemovedComponents: []
  m_SourcePrefab: {fileID: 100100000, guid: 0ac7e5e46b790fb4e977be3feab18f02, type: 3}
--- !u!4 &7000111265634053968 stripped
Transform:
  m_CorrespondingSourceObject: {fileID: -8679921383154817045, guid: 0ac7e5e46b790fb4e977be3feab18f02,
    type: 3}
  m_PrefabInstance: {fileID: 7399376146689591483}
  m_PrefabAsset: {fileID: 0}
--- !u!23 &8173550393466033215 stripped
MeshRenderer:
  m_CorrespondingSourceObject: {fileID: -7511558181221131132, guid: 0ac7e5e46b790fb4e977be3feab18f02,
    type: 3}
  m_PrefabInstance: {fileID: 7399376146689591483}
  m_PrefabAsset: {fileID: 0}
