%YAML 1.1
%TAG !u! tag:unity3d.com,2011:
--- !u!1 &1058179309226541135
GameObject:
  m_ObjectHideFlags: 0
  m_CorrespondingSourceObject: {fileID: 0}
  m_PrefabInstance: {fileID: 0}
  m_PrefabAsset: {fileID: 0}
  serializedVersion: 6
  m_Component:
  - component: {fileID: 3084887684974924656}
  - component: {fileID: 4607489135210112765}
  - component: {fileID: 3277229750216600084}
  - component: {fileID: 1328947778747534859}
  - component: {fileID: 4664696177160881788}
  - component: {fileID: 8706129319091081658}
  m_Layer: 0
  m_Name: BGCurve (2)
  m_TagString: Untagged
  m_Icon: {fileID: 0}
  m_NavMeshLayer: 0
  m_StaticEditorFlags: 0
  m_IsActive: 1
--- !u!4 &3084887684974924656
Transform:
  m_ObjectHideFlags: 0
  m_CorrespondingSourceObject: {fileID: 0}
  m_PrefabInstance: {fileID: 0}
  m_PrefabAsset: {fileID: 0}
  m_GameObject: {fileID: 1058179309226541135}
  m_LocalRotation: {x: -0, y: -0, z: -0, w: 1}
  m_LocalPosition: {x: 0, y: 0, z: 0}
  m_LocalScale: {x: 1, y: 1, z: 1}
  m_Children: []
  m_Father: {fileID: 5068053523975985024}
  m_RootOrder: 3
  m_LocalEulerAnglesHint: {x: 0, y: 0, z: 0}
--- !u!114 &4607489135210112765
MonoBehaviour:
  m_ObjectHideFlags: 0
  m_CorrespondingSourceObject: {fileID: 0}
  m_PrefabInstance: {fileID: 0}
  m_PrefabAsset: {fileID: 0}
  m_GameObject: {fileID: 1058179309226541135}
  m_Enabled: 1
  m_EditorHideFlags: 0
  m_Script: {fileID: 11500000, guid: e70f079e2a6bf364e8185b765fbe61c0, type: 3}
  m_Name: 
  m_EditorClassIdentifier: 
  settings:
    hideHandles: 0
    newPointDistance: 2
    showCurve: 1
    showCurveMode: 1
    showCurveOption: 0
    sections: 20
    showPointMenu: 1
    showTangents: 0
    tangentsSize: 0.7
    tangentsColor: {r: 1, g: 1, b: 1, a: 1}
    tangentsPerSection: 1
    controlType: 0
    vRay: 0
    lineColor: {r: 1, g: 0, b: 0, a: 1}
    restrictGizmoz: 
    showPointControlType: 1
    showPointPosition: 1
    showHandles: 1
    handlesType: 0
    handlesSettings:
      RemoveX: 0
      RemoveY: 1
      RemoveZ: 0
      RemoveXZ: 0
      RemoveXY: 1
      RemoveYZ: 1
      AxisScale: 1
      PlanesScale: 1
      Alpha: 1
    showLabels: 1
    labelColor: {r: 1, g: 1, b: 1, a: 1}
    showPositions: 0
    labelColorSelected: {r: 0, g: 1, b: 0, a: 1}
    showSpheres: 1
    sphereRadius: 0.1
    sphereColor: {r: 1, g: 0, b: 0, a: 1}
    showPointControlPositions: 1
    showControlHandles: 1
    controlHandlesType: 0
    controlHandlesSettings:
      RemoveX: 0
      RemoveY: 1
      RemoveZ: 0
      RemoveXZ: 0
      RemoveXY: 1
      RemoveYZ: 1
      AxisScale: 0.7
      PlanesScale: 0.7
      Alpha: 0.7
    controlHandlesColor: {r: 0, g: 1, b: 1, a: 1}
    showControlLabels: 1
    showControlPositions: 0
    labelControlColor: {r: 1, g: 0.92156863, b: 0.015686275, a: 1}
    showTransformField: 0
    existing: 1
  mode2D: 2
  closed: 1
  points:
  - controlType: 0
    positionLocal: {x: -2.5077722, y: 0, z: 3.7063596}
    controlFirstLocal: {x: 0.2996575, y: 0, z: -0.783009}
    controlSecondLocal: {x: -0.2996575, y: 0, z: 0.783009}
    pointTransform: {fileID: 0}
    curve: {fileID: 4607489135210112765}
    fieldsValues: []
  - controlType: 0
    positionLocal: {x: -2.8371162, y: 0, z: 3.4127023}
    controlFirstLocal: {x: 0.032934416, y: 0, z: 0.02936572}
    controlSecondLocal: {x: -0.032934416, y: 0, z: -0.02936572}
    pointTransform: {fileID: 0}
    curve: {fileID: 4607489135210112765}
    fieldsValues: []
  - controlType: 0
    positionLocal: {x: -3.1664605, y: 0, z: 3.1190453}
    controlFirstLocal: {x: 0.13173766, y: 0, z: 0.117462866}
    controlSecondLocal: {x: -0.13173766, y: 0, z: -0.117462866}
    pointTransform: {fileID: 0}
    curve: {fileID: 4607489135210112765}
    fieldsValues: []
  - controlType: 0
    positionLocal: {x: -3.5112276, y: 0, z: 3.5376906}
    controlFirstLocal: {x: 0.068953425, y: 0, z: -0.08372908}
    controlSecondLocal: {x: -0.068953425, y: 0, z: 0.08372908}
    pointTransform: {fileID: 0}
    curve: {fileID: 4607489135210112765}
    fieldsValues: []
  - controlType: 0
    positionLocal: {x: -2.587745, y: 0, z: 4.41192}
    controlFirstLocal: {x: -0.18469656, y: 0, z: -0.17484595}
    controlSecondLocal: {x: 0.18469656, y: 0, z: 0.17484595}
    pointTransform: {fileID: 0}
    curve: {fileID: 4607489135210112765}
    fieldsValues: []
  pointsComponents: []
  pointsGameObjects: []
  fields: []
  snapType: 0
  snapAxis: 1
  snapDistance: 10
  snapLayerMask:
    serializedVersion: 2
    m_Bits: 4294967295
  snapTriggerInteraction: 0
  snapToBackFaces: 0
  snapMonitoring: 0
  eventMode: 0
  pointsMode: 0
  forceChangedEventMode: 0
--- !u!120 &3277229750216600084
LineRenderer:
  m_ObjectHideFlags: 0
  m_CorrespondingSourceObject: {fileID: 0}
  m_PrefabInstance: {fileID: 0}
  m_PrefabAsset: {fileID: 0}
  m_GameObject: {fileID: 1058179309226541135}
  m_Enabled: 1
  m_CastShadows: 0
  m_ReceiveShadows: 1
  m_DynamicOccludee: 1
  m_MotionVectors: 0
  m_LightProbeUsage: 0
  m_ReflectionProbeUsage: 0
  m_RayTracingMode: 0
  m_RenderingLayerMask: 1
  m_RendererPriority: 0
  m_Materials:
  - {fileID: 2100000, guid: 08b863afa4e5b1a4db0036cfec30508b, type: 2}
  m_StaticBatchInfo:
    firstSubMesh: 0
    subMeshCount: 0
  m_StaticBatchRoot: {fileID: 0}
  m_ProbeAnchor: {fileID: 0}
  m_LightProbeVolumeOverride: {fileID: 0}
  m_ScaleInLightmap: 1
  m_ReceiveGI: 1
  m_PreserveUVs: 0
  m_IgnoreNormalsForChartDetection: 0
  m_ImportantGI: 0
  m_StitchLightmapSeams: 1
  m_SelectedEditorRenderState: 3
  m_MinimumChartSize: 4
  m_AutoUVMaxDistance: 0.5
  m_AutoUVMaxAngle: 89
  m_LightmapParameters: {fileID: 0}
  m_SortingLayerID: 0
  m_SortingLayer: 0
  m_SortingOrder: 0
  m_Positions:
  - {x: -2.5077722, y: 0.7, z: 3.7173595}
  - {x: -2.8371162, y: 0.7, z: 3.4237022}
  - {x: -3.1664605, y: 0.7, z: 3.1300452}
  - {x: -3.5112276, y: 0.7, z: 3.5486906}
  - {x: -2.587745, y: 0.7, z: 4.42292}
  - {x: -2.5077722, y: 0.7, z: 3.7173595}
  m_Parameters:
    serializedVersion: 3
    widthMultiplier: 0.1
    widthCurve:
      serializedVersion: 2
      m_Curve:
      - serializedVersion: 3
        time: 0.49532318
        value: 1
        inSlope: 0
        outSlope: 0
        tangentMode: 0
        weightedMode: 0
        inWeight: 0
        outWeight: 0
      m_PreInfinity: 2
      m_PostInfinity: 2
      m_RotationOrder: 4
    colorGradient:
      serializedVersion: 2
      key0: {r: 1, g: 1, b: 1, a: 1}
      key1: {r: 1, g: 1, b: 1, a: 1}
      key2: {r: 0, g: 0, b: 0, a: 0}
      key3: {r: 0, g: 0, b: 0, a: 0}
      key4: {r: 0, g: 0, b: 0, a: 0}
      key5: {r: 0, g: 0, b: 0, a: 0}
      key6: {r: 0, g: 0, b: 0, a: 0}
      key7: {r: 0, g: 0, b: 0, a: 0}
      ctime0: 0
      ctime1: 65535
      ctime2: 0
      ctime3: 0
      ctime4: 0
      ctime5: 0
      ctime6: 0
      ctime7: 0
      atime0: 0
      atime1: 65535
      atime2: 0
      atime3: 0
      atime4: 0
      atime5: 0
      atime6: 0
      atime7: 0
      m_Mode: 0
      m_NumColorKeys: 2
      m_NumAlphaKeys: 2
    numCornerVertices: 0
    numCapVertices: 0
    alignment: 0
    textureMode: 1
    shadowBias: 0.5
    generateLightingData: 1
  m_UseWorldSpace: 1
  m_Loop: 0
--- !u!114 &1328947778747534859
MonoBehaviour:
  m_ObjectHideFlags: 0
  m_CorrespondingSourceObject: {fileID: 0}
  m_PrefabInstance: {fileID: 0}
  m_PrefabAsset: {fileID: 0}
  m_GameObject: {fileID: 1058179309226541135}
  m_Enabled: 1
  m_EditorHideFlags: 0
  m_Script: {fileID: 11500000, guid: b6d20671ad38ded4fa2362df353b9a31, type: 3}
  m_Name: 
  m_EditorClassIdentifier: 
  showHandles: 1
  hidden: 0
  parent: {fileID: 0}
  ccName: 
  fields: 3
  mathType: 0
  sectionParts: 15
  optimizeStraightLines: 0
  tolerance: 0.296
  usePositionToCalculateTangents: 0
  updateMode: 0
  rendererForUpdateCheck: {fileID: 0}
  mathChangedEvent:
    m_PersistentCalls:
      m_Calls: []
  spheresScale: 0.961
  spheresColor: {r: 1, g: 1, b: 1, a: 1}
  spheresCount: 100
--- !u!114 &4664696177160881788
MonoBehaviour:
  m_ObjectHideFlags: 0
  m_CorrespondingSourceObject: {fileID: 0}
  m_PrefabInstance: {fileID: 0}
  m_PrefabAsset: {fileID: 0}
  m_GameObject: {fileID: 1058179309226541135}
  m_Enabled: 1
  m_EditorHideFlags: 0
  m_Script: {fileID: 11500000, guid: 8a69af748a081a14dbc7aa333bece5af, type: 3}
  m_Name: 
  m_EditorClassIdentifier: 
  showHandles: 1
  hidden: 0
  parent: {fileID: 1328947778747534859}
  ccName: 
  splitMode: 0
  partsTotal: 30
  partsPerSection: 30
  doNotOptimizeStraightLines: 0
  useLocal: 0
  spheresScale: 1
  spheresColor: {r: 1, g: 1, b: 1, a: 1}
  spheresCount: 100
  updateAtStart: 1
--- !u!114 &8706129319091081658
MonoBehaviour:
  m_ObjectHideFlags: 0
  m_CorrespondingSourceObject: {fileID: 0}
  m_PrefabInstance: {fileID: 0}
  m_PrefabAsset: {fileID: 0}
  m_GameObject: {fileID: 1058179309226541135}
  m_Enabled: 1
  m_EditorHideFlags: 0
  m_Script: {fileID: 11500000, guid: 8f71299156ce456448266a103ac54ed0, type: 3}
  m_Name: 
  m_EditorClassIdentifier: 
  ActiveDraw: 0
  DrawSpeed: 2
  Smooth: 0.01
  cursorobj: {fileID: 0}
--- !u!1 &2823881241744851576
GameObject:
  m_ObjectHideFlags: 0
  m_CorrespondingSourceObject: {fileID: 0}
  m_PrefabInstance: {fileID: 0}
  m_PrefabAsset: {fileID: 0}
  serializedVersion: 6
  m_Component:
  - component: {fileID: 6313381722157376746}
  - component: {fileID: 2611689419226093517}
  - component: {fileID: 4224640982495675933}
  - component: {fileID: 8752118735560869122}
  - component: {fileID: 3764157137704535757}
  - component: {fileID: 8696221713295718416}
  m_Layer: 0
  m_Name: BGCurve (1)
  m_TagString: Untagged
  m_Icon: {fileID: 0}
  m_NavMeshLayer: 0
  m_StaticEditorFlags: 0
  m_IsActive: 1
--- !u!4 &6313381722157376746
Transform:
  m_ObjectHideFlags: 0
  m_CorrespondingSourceObject: {fileID: 0}
  m_PrefabInstance: {fileID: 0}
  m_PrefabAsset: {fileID: 0}
  m_GameObject: {fileID: 2823881241744851576}
  m_LocalRotation: {x: -0, y: -0, z: -0, w: 1}
  m_LocalPosition: {x: 0, y: 0, z: 0}
  m_LocalScale: {x: 1, y: 1, z: 1}
  m_Children: []
  m_Father: {fileID: 5068053523975985024}
  m_RootOrder: 2
  m_LocalEulerAnglesHint: {x: 0, y: 0, z: 0}
--- !u!114 &2611689419226093517
MonoBehaviour:
  m_ObjectHideFlags: 0
  m_CorrespondingSourceObject: {fileID: 0}
  m_PrefabInstance: {fileID: 0}
  m_PrefabAsset: {fileID: 0}
  m_GameObject: {fileID: 2823881241744851576}
  m_Enabled: 1
  m_EditorHideFlags: 0
  m_Script: {fileID: 11500000, guid: e70f079e2a6bf364e8185b765fbe61c0, type: 3}
  m_Name: 
  m_EditorClassIdentifier: 
  settings:
    hideHandles: 0
    newPointDistance: 2
    showCurve: 1
    showCurveMode: 1
    showCurveOption: 0
    sections: 20
    showPointMenu: 1
    showTangents: 0
    tangentsSize: 0.7
    tangentsColor: {r: 1, g: 1, b: 1, a: 1}
    tangentsPerSection: 1
    controlType: 0
    vRay: 0
    lineColor: {r: 1, g: 0, b: 0, a: 1}
    restrictGizmoz: 
    showPointControlType: 1
    showPointPosition: 1
    showHandles: 1
    handlesType: 0
    handlesSettings:
      RemoveX: 0
      RemoveY: 1
      RemoveZ: 0
      RemoveXZ: 0
      RemoveXY: 1
      RemoveYZ: 1
      AxisScale: 1
      PlanesScale: 1
      Alpha: 1
    showLabels: 1
    labelColor: {r: 1, g: 1, b: 1, a: 1}
    showPositions: 0
    labelColorSelected: {r: 0, g: 1, b: 0, a: 1}
    showSpheres: 1
    sphereRadius: 0.1
    sphereColor: {r: 1, g: 0, b: 0, a: 1}
    showPointControlPositions: 1
    showControlHandles: 1
    controlHandlesType: 0
    controlHandlesSettings:
      RemoveX: 0
      RemoveY: 1
      RemoveZ: 0
      RemoveXZ: 0
      RemoveXY: 1
      RemoveYZ: 1
      AxisScale: 0.7
      PlanesScale: 0.7
      Alpha: 0.7
    controlHandlesColor: {r: 0, g: 1, b: 1, a: 1}
    showControlLabels: 1
    showControlPositions: 0
    labelControlColor: {r: 1, g: 0.92156863, b: 0.015686275, a: 1}
    showTransformField: 0
    existing: 1
  mode2D: 2
  closed: 0
  points:
  - controlType: 0
    positionLocal: {x: 0.088784635, y: 0, z: -1.3426658}
    controlFirstLocal: {x: 0.36094317, y: 0, z: -0.13339925}
    controlSecondLocal: {x: -0.36094317, y: 0, z: 0.13339925}
    pointTransform: {fileID: 0}
    curve: {fileID: 2611689419226093517}
    fieldsValues: []
  - controlType: 0
    positionLocal: {x: -0.34190682, y: 0, z: -2.4705381}
    controlFirstLocal: {x: 0.07255443, y: 0, z: 0.19000176}
    controlSecondLocal: {x: -0.07255443, y: 0, z: -0.19000176}
    pointTransform: {fileID: 0}
    curve: {fileID: 2611689419226093517}
    fieldsValues: []
  - controlType: 0
    positionLocal: {x: -0.89273065, y: 0, z: -3.913007}
    controlFirstLocal: {x: 0.05101986, y: 0, z: 0.13360813}
    controlSecondLocal: {x: -0.05101986, y: 0, z: -0.13360813}
    pointTransform: {fileID: 0}
    curve: {fileID: 2611689419226093517}
    fieldsValues: []
  - controlType: 0
    positionLocal: {x: -1.1275173, y: 0, z: -4.5278544}
    controlFirstLocal: {x: 0.023478666, y: 0, z: 0.061484694}
    controlSecondLocal: {x: -0.023478666, y: 0, z: -0.061484694}
    pointTransform: {fileID: 0}
    curve: {fileID: 2611689419226093517}
    fieldsValues: []
  - controlType: 0
    positionLocal: {x: -1.362304, y: 0, z: -5.142701}
    controlFirstLocal: {x: -0.81099504, y: 0, z: -0}
    controlSecondLocal: {x: 0.81099504, y: 0, z: 0}
    pointTransform: {fileID: 0}
    curve: {fileID: 2611689419226093517}
    fieldsValues: []
  - controlType: 0
    positionLocal: {x: -1.1410081, y: 0, z: -5.2378745}
    controlFirstLocal: {x: -0.022129577, y: 0, z: 0.00951736}
    controlSecondLocal: {x: 0.022129577, y: 0, z: -0.00951736}
    pointTransform: {fileID: 0}
    curve: {fileID: 2611689419226093517}
    fieldsValues: []
  - controlType: 0
    positionLocal: {x: -0.9197124, y: 0, z: -5.3330483}
    controlFirstLocal: {x: -0.086403616, y: 0, z: -0.042651962}
    controlSecondLocal: {x: 0.086403616, y: 0, z: 0.042651962}
    pointTransform: {fileID: 0}
    curve: {fileID: 2611689419226093517}
    fieldsValues: []
  - controlType: 0
    positionLocal: {x: -0.50871974, y: 0, z: -4.253488}
    controlFirstLocal: {x: -0.07491438, y: 0, z: -0.19677866}
    controlSecondLocal: {x: 0.07491438, y: 0, z: 0.19677866}
    pointTransform: {fileID: 0}
    curve: {fileID: 2611689419226093517}
    fieldsValues: []
  - controlType: 0
    positionLocal: {x: -0.018785145, y: 0, z: -2.9665697}
    controlFirstLocal: {x: -0.054364752, y: 0, z: -0.14280064}
    controlSecondLocal: {x: 0.054364752, y: 0, z: 0.14280064}
    pointTransform: {fileID: 0}
    curve: {fileID: 2611689419226093517}
    fieldsValues: []
  - controlType: 0
    positionLocal: {x: 0.57857525, y: 0, z: -1.3974751}
    controlFirstLocal: {x: 0.07316826, y: 0, z: -0.081532106}
    controlSecondLocal: {x: -0.07316826, y: 0, z: 0.081532106}
    pointTransform: {fileID: 0}
    curve: {fileID: 2611689419226093517}
    fieldsValues: []
  - controlType: 0
    positionLocal: {x: 1.1418782, y: 0, z: -2.864368}
    controlFirstLocal: {x: -0.07517096, y: 0, z: 0.19575211}
    controlSecondLocal: {x: 0.07517096, y: 0, z: -0.19575211}
    pointTransform: {fileID: 0}
    curve: {fileID: 2611689419226093517}
    fieldsValues: []
  - controlType: 0
    positionLocal: {x: 1.8253865, y: 0, z: -4.6442876}
    controlFirstLocal: {x: -0.047005806, y: 0, z: 0.12240747}
    controlSecondLocal: {x: 0.047005806, y: 0, z: -0.12240747}
    pointTransform: {fileID: 0}
    curve: {fileID: 2611689419226093517}
    fieldsValues: []
  - controlType: 0
    positionLocal: {x: 2.0819943, y: 0, z: -5.3125176}
    controlFirstLocal: {x: -0.29247406, y: 0, z: 0.82097876}
    controlSecondLocal: {x: 0.29247406, y: 0, z: -0.82097876}
    pointTransform: {fileID: 0}
    curve: {fileID: 2611689419226093517}
    fieldsValues: []
  - controlType: 0
    positionLocal: {x: 2.5284016, y: 0, z: -5.158584}
    controlFirstLocal: {x: -0.08928146, y: 0, z: -0.030786704}
    controlSecondLocal: {x: 0.08928146, y: 0, z: 0.030786704}
    pointTransform: {fileID: 0}
    curve: {fileID: 2611689419226093517}
    fieldsValues: []
  - controlType: 0
    positionLocal: {x: 2.2721672, y: 0, z: -4.4890404}
    controlFirstLocal: {x: 0.046738233, y: 0, z: -0.12212763}
    controlSecondLocal: {x: -0.046738233, y: 0, z: 0.12212763}
    pointTransform: {fileID: 0}
    curve: {fileID: 2611689419226093517}
    fieldsValues: []
  - controlType: 0
    positionLocal: {x: 1.593637, y: 0, z: -2.7160313}
    controlFirstLocal: {x: 0.07491438, y: 0, z: -0.19575228}
    controlSecondLocal: {x: -0.07491438, y: 0, z: 0.19575228}
    pointTransform: {fileID: 0}
    curve: {fileID: 2611689419226093517}
    fieldsValues: []
  - controlType: 0
    positionLocal: {x: 1.030114, y: 0, z: -1.2435386}
    controlFirstLocal: {x: 0.2996575, y: 0, z: -0.783009}
    controlSecondLocal: {x: -0.2996575, y: 0, z: 0.783009}
    pointTransform: {fileID: 0}
    curve: {fileID: 2611689419226093517}
    fieldsValues: []
  pointsComponents: []
  pointsGameObjects: []
  fields: []
  snapType: 0
  snapAxis: 1
  snapDistance: 10
  snapLayerMask:
    serializedVersion: 2
    m_Bits: 4294967295
  snapTriggerInteraction: 0
  snapToBackFaces: 0
  snapMonitoring: 0
  eventMode: 0
  pointsMode: 0
  forceChangedEventMode: 0
--- !u!120 &4224640982495675933
LineRenderer:
  m_ObjectHideFlags: 0
  m_CorrespondingSourceObject: {fileID: 0}
  m_PrefabInstance: {fileID: 0}
  m_PrefabAsset: {fileID: 0}
  m_GameObject: {fileID: 2823881241744851576}
  m_Enabled: 1
  m_CastShadows: 0
  m_ReceiveShadows: 1
  m_DynamicOccludee: 1
  m_MotionVectors: 0
  m_LightProbeUsage: 0
  m_ReflectionProbeUsage: 0
  m_RayTracingMode: 0
  m_RenderingLayerMask: 1
  m_RendererPriority: 0
  m_Materials:
  - {fileID: 2100000, guid: f251f94c743835e4c97a3ac3155880b3, type: 2}
  m_StaticBatchInfo:
    firstSubMesh: 0
    subMeshCount: 0
  m_StaticBatchRoot: {fileID: 0}
  m_ProbeAnchor: {fileID: 0}
  m_LightProbeVolumeOverride: {fileID: 0}
  m_ScaleInLightmap: 1
  m_ReceiveGI: 1
  m_PreserveUVs: 0
  m_IgnoreNormalsForChartDetection: 0
  m_ImportantGI: 0
  m_StitchLightmapSeams: 1
  m_SelectedEditorRenderState: 3
  m_MinimumChartSize: 4
  m_AutoUVMaxDistance: 0.5
  m_AutoUVMaxAngle: 89
  m_LightmapParameters: {fileID: 0}
  m_SortingLayerID: 0
  m_SortingLayer: 0
  m_SortingOrder: 0
  m_Positions:
  - {x: 0.088784635, y: 0.7, z: -1.3316658}
  - {x: -0.34190682, y: 0.7, z: -2.4595382}
  - {x: -0.89273065, y: 0.7, z: -3.902007}
  - {x: -1.1275173, y: 0.7, z: -4.5168543}
  - {x: -1.362304, y: 0.7, z: -5.131701}
  - {x: -1.1410081, y: 0.7, z: -5.2268744}
  - {x: -0.9197124, y: 0.7, z: -5.322048}
  - {x: -0.50871974, y: 0.7, z: -4.242488}
  - {x: -0.018785145, y: 0.7, z: -2.9555697}
  - {x: 0.57857525, y: 0.7, z: -1.3864751}
  - {x: 1.1418782, y: 0.7, z: -2.853368}
  - {x: 1.8253865, y: 0.7, z: -4.6332874}
  - {x: 2.0819943, y: 0.7, z: -5.3015175}
  - {x: 2.5284016, y: 0.7, z: -5.147584}
  - {x: 2.2721672, y: 0.7, z: -4.47804}
  - {x: 1.593637, y: 0.7, z: -2.7050314}
  - {x: 1.030114, y: 0.7, z: -1.2325386}
  m_Parameters:
    serializedVersion: 3
    widthMultiplier: 0.1
    widthCurve:
      serializedVersion: 2
      m_Curve:
      - serializedVersion: 3
        time: 0.49532318
        value: 1
        inSlope: 0
        outSlope: 0
        tangentMode: 0
        weightedMode: 0
        inWeight: 0
        outWeight: 0
      m_PreInfinity: 2
      m_PostInfinity: 2
      m_RotationOrder: 4
    colorGradient:
      serializedVersion: 2
      key0: {r: 1, g: 1, b: 1, a: 1}
      key1: {r: 1, g: 1, b: 1, a: 1}
      key2: {r: 0, g: 0, b: 0, a: 0}
      key3: {r: 0, g: 0, b: 0, a: 0}
      key4: {r: 0, g: 0, b: 0, a: 0}
      key5: {r: 0, g: 0, b: 0, a: 0}
      key6: {r: 0, g: 0, b: 0, a: 0}
      key7: {r: 0, g: 0, b: 0, a: 0}
      ctime0: 0
      ctime1: 65535
      ctime2: 0
      ctime3: 0
      ctime4: 0
      ctime5: 0
      ctime6: 0
      ctime7: 0
      atime0: 0
      atime1: 65535
      atime2: 0
      atime3: 0
      atime4: 0
      atime5: 0
      atime6: 0
      atime7: 0
      m_Mode: 0
      m_NumColorKeys: 2
      m_NumAlphaKeys: 2
    numCornerVertices: 0
    numCapVertices: 0
    alignment: 0
    textureMode: 1
    shadowBias: 0.5
    generateLightingData: 1
  m_UseWorldSpace: 1
  m_Loop: 0
--- !u!114 &8752118735560869122
MonoBehaviour:
  m_ObjectHideFlags: 0
  m_CorrespondingSourceObject: {fileID: 0}
  m_PrefabInstance: {fileID: 0}
  m_PrefabAsset: {fileID: 0}
  m_GameObject: {fileID: 2823881241744851576}
  m_Enabled: 1
  m_EditorHideFlags: 0
  m_Script: {fileID: 11500000, guid: b6d20671ad38ded4fa2362df353b9a31, type: 3}
  m_Name: 
  m_EditorClassIdentifier: 
  showHandles: 1
  hidden: 0
  parent: {fileID: 0}
  ccName: 
  fields: 3
  mathType: 0
  sectionParts: 15
  optimizeStraightLines: 0
  tolerance: 0.296
  usePositionToCalculateTangents: 0
  updateMode: 0
  rendererForUpdateCheck: {fileID: 0}
  mathChangedEvent:
    m_PersistentCalls:
      m_Calls: []
  spheresScale: 0.961
  spheresColor: {r: 1, g: 1, b: 1, a: 1}
  spheresCount: 100
--- !u!114 &3764157137704535757
MonoBehaviour:
  m_ObjectHideFlags: 0
  m_CorrespondingSourceObject: {fileID: 0}
  m_PrefabInstance: {fileID: 0}
  m_PrefabAsset: {fileID: 0}
  m_GameObject: {fileID: 2823881241744851576}
  m_Enabled: 1
  m_EditorHideFlags: 0
  m_Script: {fileID: 11500000, guid: 8a69af748a081a14dbc7aa333bece5af, type: 3}
  m_Name: 
  m_EditorClassIdentifier: 
  showHandles: 1
  hidden: 0
  parent: {fileID: 8752118735560869122}
  ccName: 
  splitMode: 0
  partsTotal: 30
  partsPerSection: 30
  doNotOptimizeStraightLines: 0
  useLocal: 0
  spheresScale: 1
  spheresColor: {r: 1, g: 1, b: 1, a: 1}
  spheresCount: 100
  updateAtStart: 1
--- !u!114 &8696221713295718416
MonoBehaviour:
  m_ObjectHideFlags: 0
  m_CorrespondingSourceObject: {fileID: 0}
  m_PrefabInstance: {fileID: 0}
  m_PrefabAsset: {fileID: 0}
  m_GameObject: {fileID: 2823881241744851576}
  m_Enabled: 1
  m_EditorHideFlags: 0
  m_Script: {fileID: 11500000, guid: 8f71299156ce456448266a103ac54ed0, type: 3}
  m_Name: 
  m_EditorClassIdentifier: 
  ActiveDraw: 0
  DrawSpeed: 2
  Smooth: 0.01
  cursorobj: {fileID: 0}
--- !u!1 &4302187869311303678
GameObject:
  m_ObjectHideFlags: 0
  m_CorrespondingSourceObject: {fileID: 0}
  m_PrefabInstance: {fileID: 0}
  m_PrefabAsset: {fileID: 0}
  serializedVersion: 6
  m_Component:
  - component: {fileID: 5827978290252545159}
  - component: {fileID: 2095354506748369153}
  - component: {fileID: 2622168014785989413}
  - component: {fileID: 1879096711841214162}
  - component: {fileID: 6719636018617972021}
  - component: {fileID: 5806878133828339931}
  m_Layer: 0
  m_Name: BGCurve (3)
  m_TagString: Untagged
  m_Icon: {fileID: 0}
  m_NavMeshLayer: 0
  m_StaticEditorFlags: 0
  m_IsActive: 1
--- !u!4 &5827978290252545159
Transform:
  m_ObjectHideFlags: 0
  m_CorrespondingSourceObject: {fileID: 0}
  m_PrefabInstance: {fileID: 0}
  m_PrefabAsset: {fileID: 0}
  m_GameObject: {fileID: 4302187869311303678}
  m_LocalRotation: {x: -0, y: -0, z: -0, w: 1}
  m_LocalPosition: {x: 0, y: 0, z: 0}
  m_LocalScale: {x: 1, y: 1, z: 1}
  m_Children: []
  m_Father: {fileID: 5068053523975985024}
  m_RootOrder: 4
  m_LocalEulerAnglesHint: {x: 0, y: 0, z: 0}
--- !u!114 &2095354506748369153
MonoBehaviour:
  m_ObjectHideFlags: 0
  m_CorrespondingSourceObject: {fileID: 0}
  m_PrefabInstance: {fileID: 0}
  m_PrefabAsset: {fileID: 0}
  m_GameObject: {fileID: 4302187869311303678}
  m_Enabled: 1
  m_EditorHideFlags: 0
  m_Script: {fileID: 11500000, guid: e70f079e2a6bf364e8185b765fbe61c0, type: 3}
  m_Name: 
  m_EditorClassIdentifier: 
  settings:
    hideHandles: 0
    newPointDistance: 2
    showCurve: 1
    showCurveMode: 1
    showCurveOption: 0
    sections: 20
    showPointMenu: 1
    showTangents: 0
    tangentsSize: 0.7
    tangentsColor: {r: 1, g: 1, b: 1, a: 1}
    tangentsPerSection: 1
    controlType: 0
    vRay: 0
    lineColor: {r: 1, g: 0, b: 0, a: 1}
    restrictGizmoz: 
    showPointControlType: 1
    showPointPosition: 1
    showHandles: 1
    handlesType: 0
    handlesSettings:
      RemoveX: 0
      RemoveY: 1
      RemoveZ: 0
      RemoveXZ: 0
      RemoveXY: 1
      RemoveYZ: 1
      AxisScale: 1
      PlanesScale: 1
      Alpha: 1
    showLabels: 1
    labelColor: {r: 1, g: 1, b: 1, a: 1}
    showPositions: 0
    labelColorSelected: {r: 0, g: 1, b: 0, a: 1}
    showSpheres: 1
    sphereRadius: 0.1
    sphereColor: {r: 1, g: 0, b: 0, a: 1}
    showPointControlPositions: 1
    showControlHandles: 1
    controlHandlesType: 0
    controlHandlesSettings:
      RemoveX: 0
      RemoveY: 1
      RemoveZ: 0
      RemoveXZ: 0
      RemoveXY: 1
      RemoveYZ: 1
      AxisScale: 0.7
      PlanesScale: 0.7
      Alpha: 0.7
    controlHandlesColor: {r: 0, g: 1, b: 1, a: 1}
    showControlLabels: 1
    showControlPositions: 0
    labelControlColor: {r: 1, g: 0.92156863, b: 0.015686275, a: 1}
    showTransformField: 0
    existing: 1
  mode2D: 2
  closed: 1
  points:
  - controlType: 0
    positionLocal: {x: -3.4989147, y: 0, z: 3.4884377}
    controlFirstLocal: {x: -0.18469656, y: 0, z: -0.17484595}
    controlSecondLocal: {x: 0.18469656, y: 0, z: 0.17484595}
    pointTransform: {fileID: 0}
    curve: {fileID: 2095354506748369153}
    fieldsValues: []
  - controlType: 0
    positionLocal: {x: -3.6220453, y: 0, z: 2.6634607}
    controlFirstLocal: {x: -0.16682303, y: 0, z: -0}
    controlSecondLocal: {x: 0.16682303, y: 0, z: 0}
    pointTransform: {fileID: 0}
    curve: {fileID: 2095354506748369153}
    fieldsValues: []
  - controlType: 0
    positionLocal: {x: -3.3757832, y: 0, z: 2.3679464}
    controlFirstLocal: {x: -0.070798635, y: 0, z: -0.030108174}
    controlSecondLocal: {x: 0.070798635, y: 0, z: 0.030108174}
    pointTransform: {fileID: 0}
    curve: {fileID: 2095354506748369153}
    fieldsValues: []
  - controlType: 0
    positionLocal: {x: -3.1664605, y: 0, z: 3.1067324}
    controlFirstLocal: {x: 0.022115031, y: 0, z: -0.09879228}
    controlSecondLocal: {x: -0.022115031, y: 0, z: 0.09879228}
    pointTransform: {fileID: 0}
    curve: {fileID: 2095354506748369153}
    fieldsValues: []
  pointsComponents: []
  pointsGameObjects: []
  fields: []
  snapType: 0
  snapAxis: 1
  snapDistance: 10
  snapLayerMask:
    serializedVersion: 2
    m_Bits: 4294967295
  snapTriggerInteraction: 0
  snapToBackFaces: 0
  snapMonitoring: 0
  eventMode: 0
  pointsMode: 0
  forceChangedEventMode: 0
--- !u!120 &2622168014785989413
LineRenderer:
  m_ObjectHideFlags: 0
  m_CorrespondingSourceObject: {fileID: 0}
  m_PrefabInstance: {fileID: 0}
  m_PrefabAsset: {fileID: 0}
  m_GameObject: {fileID: 4302187869311303678}
  m_Enabled: 1
  m_CastShadows: 0
  m_ReceiveShadows: 1
  m_DynamicOccludee: 1
  m_MotionVectors: 0
  m_LightProbeUsage: 0
  m_ReflectionProbeUsage: 0
  m_RayTracingMode: 0
  m_RenderingLayerMask: 1
  m_RendererPriority: 0
  m_Materials:
  - {fileID: 2100000, guid: e7caffb9b4ec52c459d0491d490212e5, type: 2}
  m_StaticBatchInfo:
    firstSubMesh: 0
    subMeshCount: 0
  m_StaticBatchRoot: {fileID: 0}
  m_ProbeAnchor: {fileID: 0}
  m_LightProbeVolumeOverride: {fileID: 0}
  m_ScaleInLightmap: 1
  m_ReceiveGI: 1
  m_PreserveUVs: 0
  m_IgnoreNormalsForChartDetection: 0
  m_ImportantGI: 0
  m_StitchLightmapSeams: 1
  m_SelectedEditorRenderState: 3
  m_MinimumChartSize: 4
  m_AutoUVMaxDistance: 0.5
  m_AutoUVMaxAngle: 89
  m_LightmapParameters: {fileID: 0}
  m_SortingLayerID: 0
  m_SortingLayer: 0
  m_SortingOrder: 0
  m_Positions:
  - {x: -3.4989147, y: 0.7, z: 3.4994376}
  - {x: -3.6220453, y: 0.7, z: 2.6744606}
  - {x: -3.3757832, y: 0.7, z: 2.3789463}
  - {x: -3.1664605, y: 0.7, z: 3.1177323}
  - {x: -3.4989147, y: 0.7, z: 3.4994376}
  m_Parameters:
    serializedVersion: 3
    widthMultiplier: 0.1
    widthCurve:
      serializedVersion: 2
      m_Curve:
      - serializedVersion: 3
        time: 0.49532318
        value: 1
        inSlope: 0
        outSlope: 0
        tangentMode: 0
        weightedMode: 0
        inWeight: 0
        outWeight: 0
      m_PreInfinity: 2
      m_PostInfinity: 2
      m_RotationOrder: 4
    colorGradient:
      serializedVersion: 2
      key0: {r: 1, g: 1, b: 1, a: 1}
      key1: {r: 1, g: 1, b: 1, a: 1}
      key2: {r: 0, g: 0, b: 0, a: 0}
      key3: {r: 0, g: 0, b: 0, a: 0}
      key4: {r: 0, g: 0, b: 0, a: 0}
      key5: {r: 0, g: 0, b: 0, a: 0}
      key6: {r: 0, g: 0, b: 0, a: 0}
      key7: {r: 0, g: 0, b: 0, a: 0}
      ctime0: 0
      ctime1: 65535
      ctime2: 0
      ctime3: 0
      ctime4: 0
      ctime5: 0
      ctime6: 0
      ctime7: 0
      atime0: 0
      atime1: 65535
      atime2: 0
      atime3: 0
      atime4: 0
      atime5: 0
      atime6: 0
      atime7: 0
      m_Mode: 0
      m_NumColorKeys: 2
      m_NumAlphaKeys: 2
    numCornerVertices: 0
    numCapVertices: 0
    alignment: 0
    textureMode: 1
    shadowBias: 0.5
    generateLightingData: 1
  m_UseWorldSpace: 1
  m_Loop: 0
--- !u!114 &1879096711841214162
MonoBehaviour:
  m_ObjectHideFlags: 0
  m_CorrespondingSourceObject: {fileID: 0}
  m_PrefabInstance: {fileID: 0}
  m_PrefabAsset: {fileID: 0}
  m_GameObject: {fileID: 4302187869311303678}
  m_Enabled: 1
  m_EditorHideFlags: 0
  m_Script: {fileID: 11500000, guid: b6d20671ad38ded4fa2362df353b9a31, type: 3}
  m_Name: 
  m_EditorClassIdentifier: 
  showHandles: 1
  hidden: 0
  parent: {fileID: 0}
  ccName: 
  fields: 3
  mathType: 0
  sectionParts: 15
  optimizeStraightLines: 0
  tolerance: 0.296
  usePositionToCalculateTangents: 0
  updateMode: 0
  rendererForUpdateCheck: {fileID: 0}
  mathChangedEvent:
    m_PersistentCalls:
      m_Calls: []
  spheresScale: 0.961
  spheresColor: {r: 1, g: 1, b: 1, a: 1}
  spheresCount: 100
--- !u!114 &6719636018617972021
MonoBehaviour:
  m_ObjectHideFlags: 0
  m_CorrespondingSourceObject: {fileID: 0}
  m_PrefabInstance: {fileID: 0}
  m_PrefabAsset: {fileID: 0}
  m_GameObject: {fileID: 4302187869311303678}
  m_Enabled: 1
  m_EditorHideFlags: 0
  m_Script: {fileID: 11500000, guid: 8a69af748a081a14dbc7aa333bece5af, type: 3}
  m_Name: 
  m_EditorClassIdentifier: 
  showHandles: 1
  hidden: 0
  parent: {fileID: 1879096711841214162}
  ccName: 
  splitMode: 0
  partsTotal: 30
  partsPerSection: 30
  doNotOptimizeStraightLines: 0
  useLocal: 0
  spheresScale: 1
  spheresColor: {r: 1, g: 1, b: 1, a: 1}
  spheresCount: 100
  updateAtStart: 1
--- !u!114 &5806878133828339931
MonoBehaviour:
  m_ObjectHideFlags: 0
  m_CorrespondingSourceObject: {fileID: 0}
  m_PrefabInstance: {fileID: 0}
  m_PrefabAsset: {fileID: 0}
  m_GameObject: {fileID: 4302187869311303678}
  m_Enabled: 1
  m_EditorHideFlags: 0
  m_Script: {fileID: 11500000, guid: 8f71299156ce456448266a103ac54ed0, type: 3}
  m_Name: 
  m_EditorClassIdentifier: 
  ActiveDraw: 0
  DrawSpeed: 2
  Smooth: 0.01
  cursorobj: {fileID: 0}
--- !u!1 &5068053523975985030
GameObject:
  m_ObjectHideFlags: 0
  m_CorrespondingSourceObject: {fileID: 0}
  m_PrefabInstance: {fileID: 0}
  m_PrefabAsset: {fileID: 0}
  serializedVersion: 6
  m_Component:
  - component: {fileID: 5068053523975985024}
  - component: {fileID: 5068053523975985025}
  m_Layer: 0
  m_Name: Picture
  m_TagString: Untagged
  m_Icon: {fileID: 0}
  m_NavMeshLayer: 0
  m_StaticEditorFlags: 0
  m_IsActive: 1
--- !u!4 &5068053523975985024
Transform:
  m_ObjectHideFlags: 0
  m_CorrespondingSourceObject: {fileID: 0}
  m_PrefabInstance: {fileID: 0}
  m_PrefabAsset: {fileID: 0}
  m_GameObject: {fileID: 5068053523975985030}
  m_LocalRotation: {x: 0, y: 0, z: 0, w: 1}
  m_LocalPosition: {x: 0, y: 0.7, z: 0.011}
  m_LocalScale: {x: 1, y: 1, z: 1}
  m_Children:
  - {fileID: 5347137817456963917}
  - {fileID: 5068053525799201140}
  - {fileID: 6313381722157376746}
  - {fileID: 3084887684974924656}
  - {fileID: 5827978290252545159}
  m_Father: {fileID: 0}
  m_RootOrder: 0
  m_LocalEulerAnglesHint: {x: 0, y: 0, z: 0}
--- !u!114 &5068053523975985025
MonoBehaviour:
  m_ObjectHideFlags: 0
  m_CorrespondingSourceObject: {fileID: 0}
  m_PrefabInstance: {fileID: 0}
  m_PrefabAsset: {fileID: 0}
  m_GameObject: {fileID: 5068053523975985030}
  m_Enabled: 1
  m_EditorHideFlags: 0
  m_Script: {fileID: 11500000, guid: bd5bb36538fd31a428bb137d248a481b, type: 3}
  m_Name: 
  m_EditorClassIdentifier: 
  Lines:
  - {fileID: 5068053525799201033}
  - {fileID: 8696221713295718416}
  - {fileID: 8706129319091081658}
  - {fileID: 5806878133828339931}
  Drawer: {fileID: 0}
  DrawSpeed: 10
  GrowSpeed: 1
  MeshHeight: 3
  ActiveLine: -1
  SplineExample: {fileID: 5826363771796669697, guid: 2c754be136ceba0469f0d462c1e7b406,
    type: 3}
  Model: {fileID: 6521200574137600546}
  OutlineOnPlane: {fileID: 0}
--- !u!1 &5068053525799201038
GameObject:
  m_ObjectHideFlags: 0
  m_CorrespondingSourceObject: {fileID: 0}
  m_PrefabInstance: {fileID: 0}
  m_PrefabAsset: {fileID: 0}
  serializedVersion: 6
  m_Component:
  - component: {fileID: 5068053525799201140}
  - component: {fileID: 5068053525799201141}
  - component: {fileID: 5068053525799201034}
  - component: {fileID: 5068053525799201035}
  - component: {fileID: 5068053525799201032}
  - component: {fileID: 5068053525799201033}
  m_Layer: 0
  m_Name: BGCurve
  m_TagString: Untagged
  m_Icon: {fileID: 0}
  m_NavMeshLayer: 0
  m_StaticEditorFlags: 0
  m_IsActive: 1
--- !u!4 &5068053525799201140
Transform:
  m_ObjectHideFlags: 0
  m_CorrespondingSourceObject: {fileID: 0}
  m_PrefabInstance: {fileID: 0}
  m_PrefabAsset: {fileID: 0}
  m_GameObject: {fileID: 5068053525799201038}
  m_LocalRotation: {x: -0, y: -0, z: -0, w: 1}
  m_LocalPosition: {x: 0, y: 0, z: 0}
  m_LocalScale: {x: 1, y: 1, z: 1}
  m_Children: []
  m_Father: {fileID: 5068053523975985024}
  m_RootOrder: 1
  m_LocalEulerAnglesHint: {x: 0, y: 0, z: 0}
--- !u!114 &5068053525799201141
MonoBehaviour:
  m_ObjectHideFlags: 0
  m_CorrespondingSourceObject: {fileID: 0}
  m_PrefabInstance: {fileID: 0}
  m_PrefabAsset: {fileID: 0}
  m_GameObject: {fileID: 5068053525799201038}
  m_Enabled: 1
  m_EditorHideFlags: 0
  m_Script: {fileID: 11500000, guid: e70f079e2a6bf364e8185b765fbe61c0, type: 3}
  m_Name: 
  m_EditorClassIdentifier: 
  settings:
    hideHandles: 0
    newPointDistance: 2
    showCurve: 1
    showCurveMode: 1
    showCurveOption: 0
    sections: 20
    showPointMenu: 1
    showTangents: 0
    tangentsSize: 0.7
    tangentsColor: {r: 1, g: 1, b: 1, a: 1}
    tangentsPerSection: 1
    controlType: 0
    vRay: 0
    lineColor: {r: 1, g: 0, b: 0, a: 1}
    restrictGizmoz: 
    showPointControlType: 1
    showPointPosition: 1
    showHandles: 1
    handlesType: 0
    handlesSettings:
      RemoveX: 0
      RemoveY: 1
      RemoveZ: 0
      RemoveXZ: 0
      RemoveXY: 1
      RemoveYZ: 1
      AxisScale: 1
      PlanesScale: 1
      Alpha: 1
    showLabels: 1
    labelColor: {r: 1, g: 1, b: 1, a: 1}
    showPositions: 0
    labelColorSelected: {r: 0, g: 1, b: 0, a: 1}
    showSpheres: 1
    sphereRadius: 0.1
    sphereColor: {r: 1, g: 0, b: 0, a: 1}
    showPointControlPositions: 1
    showControlHandles: 1
    controlHandlesType: 0
    controlHandlesSettings:
      RemoveX: 0
      RemoveY: 1
      RemoveZ: 0
      RemoveXZ: 0
      RemoveXY: 1
      RemoveYZ: 1
      AxisScale: 0.7
      PlanesScale: 0.7
      Alpha: 0.7
    controlHandlesColor: {r: 0, g: 1, b: 1, a: 1}
    showControlLabels: 1
    showControlPositions: 0
    labelControlColor: {r: 1, g: 0.92156863, b: 0.015686275, a: 1}
    showTransformField: 0
    existing: 1
  mode2D: 2
  closed: 1
  points:
  - controlType: 0
    positionLocal: {x: -1.813394, y: 0, z: 0.27863672}
    controlFirstLocal: {x: 0.03479004, y: 0, z: 1.2515793}
    controlSecondLocal: {x: -0.03479004, y: 0, z: -1.2515793}
    pointTransform: {fileID: 0}
    curve: {fileID: 5068053525799201141}
    fieldsValues: []
  - controlType: 0
    positionLocal: {x: -1.842903, y: 0, z: 1.8969831}
    controlFirstLocal: {x: 0.0059018144, y: 0, z: -0.3236693}
    controlSecondLocal: {x: -0.0059018144, y: 0, z: 0.3236693}
    pointTransform: {fileID: 0}
    curve: {fileID: 5068053525799201141}
    fieldsValues: []
  - controlType: 0
    positionLocal: {x: -1.6182522, y: 0, z: 3.4947329}
    controlFirstLocal: {x: 0.018231034, y: 0, z: -0.9998338}
    controlSecondLocal: {x: -0.018231034, y: 0, z: 0.9998336}
    pointTransform: {fileID: 0}
    curve: {fileID: 5068053525799201141}
    fieldsValues: []
  - controlType: 0
    positionLocal: {x: -2.444897, y: 0, z: 3.716964}
    controlFirstLocal: {x: 0.16532895, y: 0, z: -0.044446234}
    controlSecondLocal: {x: -0.16532895, y: 0, z: 0.044446234}
    pointTransform: {fileID: 0}
    curve: {fileID: 5068053525799201141}
    fieldsValues: []
  - controlType: 0
    positionLocal: {x: -2.5428958, y: 0, z: 4.4869556}
    controlFirstLocal: {x: 0.019599771, y: 0, z: -0.15399839}
    controlSecondLocal: {x: -0.019599771, y: 0, z: 0.15399839}
    pointTransform: {fileID: 0}
    curve: {fileID: 5068053525799201141}
    fieldsValues: []
  - controlType: 0
    positionLocal: {x: -2.388897, y: 0, z: 5.0329514}
    controlFirstLocal: {x: -0.053199485, y: 0, z: -0.16239844}
    controlSecondLocal: {x: 0.053199485, y: 0, z: 0.16239844}
    pointTransform: {fileID: 0}
    curve: {fileID: 5068053525799201141}
    fieldsValues: []
  - controlType: 0
    positionLocal: {x: -1.4789068, y: 0, z: 5.2709484}
    controlFirstLocal: {x: -0.18199804, y: 0, z: -0.047599416}
    controlSecondLocal: {x: 0.18199804, y: 0, z: 0.047599416}
    pointTransform: {fileID: 0}
    curve: {fileID: 5068053525799201141}
    fieldsValues: []
  - controlType: 0
    positionLocal: {x: -0.7229147, y: 0, z: 4.9349523}
    controlFirstLocal: {x: -0.15119842, y: 0, z: 0.06719923}
    controlSecondLocal: {x: 0.15119842, y: 0, z: -0.06719923}
    pointTransform: {fileID: 0}
    curve: {fileID: 5068053525799201141}
    fieldsValues: []
  - controlType: 0
    positionLocal: {x: -0.7789141, y: 0, z: 3.4369686}
    controlFirstLocal: {x: 0.01119988, y: 0, z: 0.29959682}
    controlSecondLocal: {x: -0.01119988, y: 0, z: -0.29959682}
    pointTransform: {fileID: 0}
    curve: {fileID: 5068053525799201141}
    fieldsValues: []
  - controlType: 0
    positionLocal: {x: -1.1989104, y: 0, z: 1.7429873}
    controlFirstLocal: {x: 0.083999254, y: 0, z: 0.33879623}
    controlSecondLocal: {x: -0.083999254, y: 0, z: -0.33879623}
    pointTransform: {fileID: 0}
    curve: {fileID: 5068053525799201141}
    fieldsValues: []
  - controlType: 0
    positionLocal: {x: -0.93291295, y: 0, z: 0.7769978}
    controlFirstLocal: {x: -0.053199485, y: 0, z: 0.19319792}
    controlSecondLocal: {x: 0.053199485, y: 0, z: -0.19319792}
    pointTransform: {fileID: 0}
    curve: {fileID: 5068053525799201141}
    fieldsValues: []
  - controlType: 0
    positionLocal: {x: -0.13492179, y: 0, z: 1.3649914}
    controlFirstLocal: {x: -0.15959823, y: 0, z: -0.11759874}
    controlSecondLocal: {x: 0.15959823, y: 0, z: 0.11759874}
    pointTransform: {fileID: 0}
    curve: {fileID: 5068053525799201141}
    fieldsValues: []
  - controlType: 0
    positionLocal: {x: 2.1050549, y: 0, z: 1.1129951}
    controlFirstLocal: {x: -0.44799533, y: 0, z: 0.050399255}
    controlSecondLocal: {x: 0.44799533, y: 0, z: -0.050399255}
    pointTransform: {fileID: 0}
    curve: {fileID: 5068053525799201141}
    fieldsValues: []
  - controlType: 0
    positionLocal: {x: 3.6170382, y: 0, z: -1.2109799}
    controlFirstLocal: {x: -0.3023967, y: 0, z: 0.46479505}
    controlSecondLocal: {x: 0.3023967, y: 0, z: -0.46479505}
    pointTransform: {fileID: 0}
    curve: {fileID: 5068053525799201141}
    fieldsValues: []
  - controlType: 0
    positionLocal: {x: 3.5470393, y: 0, z: -1.5329763}
    controlFirstLocal: {x: 0.013999797, y: 0, z: 0.06439927}
    controlSecondLocal: {x: -0.013999797, y: 0, z: -0.06439927}
    pointTransform: {fileID: 0}
    curve: {fileID: 5068053525799201141}
    fieldsValues: []
  - controlType: 0
    positionLocal: {x: 1.9790561, y: 0, z: -0.7069852}
    controlFirstLocal: {x: 0.31359664, y: 0, z: -0.1651982}
    controlSecondLocal: {x: -0.31359664, y: 0, z: 0.1651982}
    pointTransform: {fileID: 0}
    curve: {fileID: 5068053525799201141}
    fieldsValues: []
  - controlType: 0
    positionLocal: {x: 0.59307086, y: 0, z: -1.4349773}
    controlFirstLocal: {x: 0.27719706, y: 0, z: 0.14559841}
    controlSecondLocal: {x: -0.27719706, y: 0, z: -0.14559841}
    pointTransform: {fileID: 0}
    curve: {fileID: 5068053525799201141}
    fieldsValues: []
  - controlType: 0
    positionLocal: {x: -1.2549095, y: 0, z: -0.9869823}
    controlFirstLocal: {x: 0.36094317, y: 0, z: -0.13339925}
    controlSecondLocal: {x: -0.36094317, y: 0, z: 0.13339925}
    pointTransform: {fileID: 0}
    curve: {fileID: 5068053525799201141}
    fieldsValues: []
  pointsComponents: []
  pointsGameObjects: []
  fields: []
  snapType: 0
  snapAxis: 1
  snapDistance: 10
  snapLayerMask:
    serializedVersion: 2
    m_Bits: 4294967295
  snapTriggerInteraction: 0
  snapToBackFaces: 0
  snapMonitoring: 0
  eventMode: 0
  pointsMode: 0
  forceChangedEventMode: 0
--- !u!120 &5068053525799201034
LineRenderer:
  m_ObjectHideFlags: 0
  m_CorrespondingSourceObject: {fileID: 0}
  m_PrefabInstance: {fileID: 0}
  m_PrefabAsset: {fileID: 0}
  m_GameObject: {fileID: 5068053525799201038}
  m_Enabled: 1
  m_CastShadows: 0
  m_ReceiveShadows: 1
  m_DynamicOccludee: 1
  m_MotionVectors: 0
  m_LightProbeUsage: 0
  m_ReflectionProbeUsage: 0
  m_RayTracingMode: 0
  m_RenderingLayerMask: 1
  m_RendererPriority: 0
  m_Materials:
  - {fileID: 2100000, guid: 7102d91446c59d3409ab5e356df7c0ab, type: 2}
  m_StaticBatchInfo:
    firstSubMesh: 0
    subMeshCount: 0
  m_StaticBatchRoot: {fileID: 0}
  m_ProbeAnchor: {fileID: 0}
  m_LightProbeVolumeOverride: {fileID: 0}
  m_ScaleInLightmap: 1
  m_ReceiveGI: 1
  m_PreserveUVs: 0
  m_IgnoreNormalsForChartDetection: 0
  m_ImportantGI: 0
  m_StitchLightmapSeams: 1
  m_SelectedEditorRenderState: 3
  m_MinimumChartSize: 4
  m_AutoUVMaxDistance: 0.5
  m_AutoUVMaxAngle: 89
  m_LightmapParameters: {fileID: 0}
  m_SortingLayerID: 0
  m_SortingLayer: 0
  m_SortingOrder: 0
  m_Positions:
  - {x: -1.813394, y: 0.7, z: 0.28963673}
  - {x: -1.842903, y: 0.7, z: 1.9079832}
  - {x: -1.6182522, y: 0.7, z: 3.5057328}
  - {x: -2.444897, y: 0.7, z: 3.727964}
  - {x: -2.5428958, y: 0.7, z: 4.497956}
  - {x: -2.388897, y: 0.7, z: 5.0439515}
  - {x: -1.4789068, y: 0.7, z: 5.2819486}
  - {x: -0.7229147, y: 0.7, z: 4.9459524}
  - {x: -0.7789141, y: 0.7, z: 3.4479685}
  - {x: -1.1989104, y: 0.7, z: 1.7539873}
  - {x: -0.93291295, y: 0.7, z: 0.7879978}
  - {x: -0.13492179, y: 0.7, z: 1.3759915}
  - {x: 2.1050549, y: 0.7, z: 1.1239952}
  - {x: 3.6170382, y: 0.7, z: -1.1999799}
  - {x: 3.5470393, y: 0.7, z: -1.5219762}
  - {x: 1.9790561, y: 0.7, z: -0.6959852}
  - {x: 0.59307086, y: 0.7, z: -1.4239773}
  - {x: -1.2549095, y: 0.7, z: -0.9759823}
  - {x: -1.813394, y: 0.7, z: 0.28963673}
  m_Parameters:
    serializedVersion: 3
    widthMultiplier: 0.1
    widthCurve:
      serializedVersion: 2
      m_Curve:
      - serializedVersion: 3
        time: 0.49532318
        value: 1
        inSlope: 0
        outSlope: 0
        tangentMode: 0
        weightedMode: 0
        inWeight: 0
        outWeight: 0
      m_PreInfinity: 2
      m_PostInfinity: 2
      m_RotationOrder: 4
    colorGradient:
      serializedVersion: 2
      key0: {r: 1, g: 1, b: 1, a: 1}
      key1: {r: 1, g: 1, b: 1, a: 1}
      key2: {r: 0, g: 0, b: 0, a: 0}
      key3: {r: 0, g: 0, b: 0, a: 0}
      key4: {r: 0, g: 0, b: 0, a: 0}
      key5: {r: 0, g: 0, b: 0, a: 0}
      key6: {r: 0, g: 0, b: 0, a: 0}
      key7: {r: 0, g: 0, b: 0, a: 0}
      ctime0: 0
      ctime1: 65535
      ctime2: 0
      ctime3: 0
      ctime4: 0
      ctime5: 0
      ctime6: 0
      ctime7: 0
      atime0: 0
      atime1: 65535
      atime2: 0
      atime3: 0
      atime4: 0
      atime5: 0
      atime6: 0
      atime7: 0
      m_Mode: 0
      m_NumColorKeys: 2
      m_NumAlphaKeys: 2
    numCornerVertices: 0
    numCapVertices: 0
    alignment: 0
    textureMode: 1
    shadowBias: 0.5
    generateLightingData: 1
  m_UseWorldSpace: 1
  m_Loop: 0
--- !u!114 &5068053525799201035
MonoBehaviour:
  m_ObjectHideFlags: 0
  m_CorrespondingSourceObject: {fileID: 0}
  m_PrefabInstance: {fileID: 0}
  m_PrefabAsset: {fileID: 0}
  m_GameObject: {fileID: 5068053525799201038}
  m_Enabled: 1
  m_EditorHideFlags: 0
  m_Script: {fileID: 11500000, guid: b6d20671ad38ded4fa2362df353b9a31, type: 3}
  m_Name: 
  m_EditorClassIdentifier: 
  showHandles: 1
  hidden: 0
  parent: {fileID: 0}
  ccName: 
  fields: 3
  mathType: 0
  sectionParts: 15
  optimizeStraightLines: 0
  tolerance: 0.296
  usePositionToCalculateTangents: 0
  updateMode: 0
  rendererForUpdateCheck: {fileID: 0}
  mathChangedEvent:
    m_PersistentCalls:
      m_Calls: []
  spheresScale: 0.961
  spheresColor: {r: 1, g: 1, b: 1, a: 1}
  spheresCount: 100
--- !u!114 &5068053525799201032
MonoBehaviour:
  m_ObjectHideFlags: 0
  m_CorrespondingSourceObject: {fileID: 0}
  m_PrefabInstance: {fileID: 0}
  m_PrefabAsset: {fileID: 0}
  m_GameObject: {fileID: 5068053525799201038}
  m_Enabled: 1
  m_EditorHideFlags: 0
  m_Script: {fileID: 11500000, guid: 8a69af748a081a14dbc7aa333bece5af, type: 3}
  m_Name: 
  m_EditorClassIdentifier: 
  showHandles: 1
  hidden: 0
  parent: {fileID: 5068053525799201035}
  ccName: 
  splitMode: 0
  partsTotal: 30
  partsPerSection: 30
  doNotOptimizeStraightLines: 0
  useLocal: 0
  spheresScale: 1
  spheresColor: {r: 1, g: 1, b: 1, a: 1}
  spheresCount: 100
  updateAtStart: 1
--- !u!114 &5068053525799201033
MonoBehaviour:
  m_ObjectHideFlags: 0
  m_CorrespondingSourceObject: {fileID: 0}
  m_PrefabInstance: {fileID: 0}
  m_PrefabAsset: {fileID: 0}
  m_GameObject: {fileID: 5068053525799201038}
  m_Enabled: 1
  m_EditorHideFlags: 0
  m_Script: {fileID: 11500000, guid: 8f71299156ce456448266a103ac54ed0, type: 3}
  m_Name: 
  m_EditorClassIdentifier: 
  ActiveDraw: 0
  DrawSpeed: 2
  Smooth: 0.01
  cursorobj: {fileID: 0}
--- !u!1001 &5602021633757353638
PrefabInstance:
  m_ObjectHideFlags: 0
  serializedVersion: 2
  m_Modification:
    m_TransformParent: {fileID: 5068053523975985024}
    m_Modifications:
    - target: {fileID: -8679921383154817045, guid: 473a9fc9800b5f54cac91bd369bcadf8,
        type: 3}
      propertyPath: m_LocalPosition.x
      value: 0.019078
      objectReference: {fileID: 0}
    - target: {fileID: -8679921383154817045, guid: 473a9fc9800b5f54cac91bd369bcadf8,
        type: 3}
      propertyPath: m_LocalPosition.y
      value: 0.6
      objectReference: {fileID: 0}
    - target: {fileID: -8679921383154817045, guid: 473a9fc9800b5f54cac91bd369bcadf8,
        type: 3}
      propertyPath: m_LocalPosition.z
      value: 0
      objectReference: {fileID: 0}
    - target: {fileID: -8679921383154817045, guid: 473a9fc9800b5f54cac91bd369bcadf8,
        type: 3}
      propertyPath: m_LocalRotation.x
      value: 0.7071068
      objectReference: {fileID: 0}
    - target: {fileID: -8679921383154817045, guid: 473a9fc9800b5f54cac91bd369bcadf8,
        type: 3}
      propertyPath: m_LocalRotation.y
      value: 0
      objectReference: {fileID: 0}
    - target: {fileID: -8679921383154817045, guid: 473a9fc9800b5f54cac91bd369bcadf8,
        type: 3}
      propertyPath: m_LocalRotation.z
      value: 0
      objectReference: {fileID: 0}
    - target: {fileID: -8679921383154817045, guid: 473a9fc9800b5f54cac91bd369bcadf8,
        type: 3}
      propertyPath: m_LocalRotation.w
      value: 0.7071068
      objectReference: {fileID: 0}
    - target: {fileID: -8679921383154817045, guid: 473a9fc9800b5f54cac91bd369bcadf8,
        type: 3}
      propertyPath: m_RootOrder
      value: 0
      objectReference: {fileID: 0}
    - target: {fileID: -8679921383154817045, guid: 473a9fc9800b5f54cac91bd369bcadf8,
        type: 3}
      propertyPath: m_LocalEulerAnglesHint.x
      value: 90
      objectReference: {fileID: 0}
    - target: {fileID: -8679921383154817045, guid: 473a9fc9800b5f54cac91bd369bcadf8,
        type: 3}
      propertyPath: m_LocalEulerAnglesHint.y
      value: 0
      objectReference: {fileID: 0}
    - target: {fileID: -8679921383154817045, guid: 473a9fc9800b5f54cac91bd369bcadf8,
        type: 3}
      propertyPath: m_LocalEulerAnglesHint.z
      value: 0
      objectReference: {fileID: 0}
    - target: {fileID: -8679921383154817045, guid: 473a9fc9800b5f54cac91bd369bcadf8,
        type: 3}
      propertyPath: m_LocalScale.x
      value: -23.79725
      objectReference: {fileID: 0}
    - target: {fileID: -8679921383154817045, guid: 473a9fc9800b5f54cac91bd369bcadf8,
        type: 3}
      propertyPath: m_LocalScale.y
      value: 23.79725
      objectReference: {fileID: 0}
    - target: {fileID: -8679921383154817045, guid: 473a9fc9800b5f54cac91bd369bcadf8,
        type: 3}
      propertyPath: m_LocalScale.z
      value: 51.72604
      objectReference: {fileID: 0}
    - target: {fileID: -7511558181221131132, guid: 473a9fc9800b5f54cac91bd369bcadf8,
        type: 3}
      propertyPath: m_CastShadows
      value: 0
      objectReference: {fileID: 0}
    - target: {fileID: 919132149155446097, guid: 473a9fc9800b5f54cac91bd369bcadf8,
        type: 3}
      propertyPath: m_Name
      value: SM_Prop_Flamingo_01
      objectReference: {fileID: 0}
    m_RemovedComponents: []
  m_SourcePrefab: {fileID: 100100000, guid: 473a9fc9800b5f54cac91bd369bcadf8, type: 3}
--- !u!23 &6521200574137600546 stripped
MeshRenderer:
  m_CorrespondingSourceObject: {fileID: -7511558181221131132, guid: 473a9fc9800b5f54cac91bd369bcadf8,
    type: 3}
  m_PrefabInstance: {fileID: 5602021633757353638}
  m_PrefabAsset: {fileID: 0}
--- !u!4 &5347137817456963917 stripped
Transform:
  m_CorrespondingSourceObject: {fileID: -8679921383154817045, guid: 473a9fc9800b5f54cac91bd369bcadf8,
    type: 3}
  m_PrefabInstance: {fileID: 5602021633757353638}
  m_PrefabAsset: {fileID: 0}
